2932 5002
490 412 631 475 —tet-

47 547 113 608 iton
128 546 206 607 liber
218 544 267 605 hic
284 544 376 617 ullus,
394 561 456 604 non
471 545 523 622 qui
538 545 610 606 mihi
626 546 802 608 commodet
816 563 932 619 aurem,

93 652 252 727 Verbaque
267 649 438 728 significent
453 651 526 728 quid
541 668 608 711 mee
620 651 712 725 norit,
730 653 827 714 adest.

48 758 151 820 Omnia
164 757 314 820 barbariae
328 759 397 818 ioca
415 769 499 833 sunt,
516 759 662 837 vocisque
686 760 802 832 ierinae3

88 865 191 926 Omnia
208 875 279 926 sunt
293 865 387 926 Getici
401 867 492 944 plene
505 867 614 928 timore
630 868 708 928 soni.

50 973 119 1050 lpse
134 970 206 1031 mihi
220 971 327 1032 videor
339 972 403 1049 jum
419 972 601 1034 dedidicisse
618 973 722 1046 latine3

93 1081 158 1140 Jem
173 1079 263 1142 didici
279 1079 377 1158 getice
393 1080 615 1158 sarmaticeque
630 1082 725 1157 loqui.

49 1189 111 1249 Nec
125 1198 238 1259 tamen,
256 1197 289 1247 ut
302 1204 408 1248 verum
426 1188 520 1247 fatear
536 1187 601 1260 tibi,
617 1199 724 1248 nostra
737 1189 835 1249 teneri

94 1293 119 1354 Α
133 1293 347 1370 componendo
362 1293 497 1353 carmine
511 1294 595 1354 Musa
614 1304 730 1371 potest.

53 1398 231 1471 Scribimus,
248 1409 278 1459 et
293 1397 425 1475 scriptus
440 1397 628 1459 absumimus
645 1399 715 1477 igue
729 1397 861 1460 libellos:

96 1504 201 1566 Exitus
215 1516 262 1567 est
278 1505 369 1566 studii
385 1523 479 1584 parva
492 1506 591 1567 favilia
608 1505 678 1567 mei.

57 1612 117 1673 Nec
133 1628 271 1690 possum,
287 1622 317 1674 ct
336 1613 427 1689 cupio
447 1631 508 1673 non
527 1615 607 1674 ullos
623 1615 737 1675 ducere
756 1630 876 1675 versus:

96 1718 222 1779 Ponitur
237 1718 352 1779 idcirco
367 1729 473 1779 noster
489 1718 519 1779 in
532 1719 603 1797 igne
620 1719 720 1790 lab0r3

57 1825 118 1885 Nec
138 1824 194 1885 nisi
207 1841 291 1902 pars,
308 1841 381 1886 casu
396 1825 525 1885 flammis
541 1835 657 1902 erepta,
673 1825 795 1897 dolove,

102 1929 147 1990 Ad
159 1945 214 1990 ros
228 1929 339 2008 ingenii
354 1929 493 2006 pervenit
507 1930 568 1989 ulla
584 1928 655 1989 mei.

61 2035 110 2097 Sic
125 2035 249 2110 uduam,
267 2053 337 2115 quee
352 2036 394 2096 nil
410 2048 596 2098 metuentem
612 2037 672 2098 tale
685 2037 866 2116 magistrum

104 2144 247 2219 Perdidit,
267 2144 430 2207 incideres
447 2145 503 2207 Ars
521 2163 588 2207 mea
602 2163 690 2208 versa
709 2146 800 2208 foret!

394 2362 576 2418 ichemu
595 2365 712 2417 xlll.

67 2573 150 2632 Hanc
163 2582 235 2631 tuus
249 2586 266 2629 e
281 2567 385 2629 Getico
399 2564 490 2629 mittit
506 2569 559 2629 tibi
573 2570 652 2629 Naso
670 2572 809 2641 salutem;

108 2674 226 2734 Mittere
241 2673 266 2733 si
285 2672 457 2750 quisquam,
476 2690 537 2750 quo
553 2685 637 2735 caret
651 2674 727 2753 ipse,
743 2685 855 2753 potest.

67 2781 160 2857 AEger
172 2777 253 2837 enim
265 2777 343 2838 traxi
358 2778 499 2855 contagia
513 2795 644 2856 corpore
657 2780 778 2852 mentis,

115 2883 221 2944 Libere
238 2893 390 2944 tormento
404 2898 475 2960 pers
490 2882 563 2943 mihi
578 2901 617 2944 ne
629 2901 689 2962 qua
705 2896 804 2946 vacet:

70 2997 189 3069 Perque
201 2992 269 3053 dies
283 2993 396 3054 muitcs
410 2992 513 3053 lateris
527 2993 712 3055 cruciatibus
728 3012 813 3067 uror,

115 3100 175 3160 Scd
189 3099 272 3175 quod
287 3116 349 3158 non
367 3099 488 3160 modico
503 3098 617 3176 frigore
631 3100 711 3160 laesit
724 3100 832 3160 hiems.

72 3204 103 3266 si
117 3215 219 3266 tamen
233 3205 300 3282 ipse
314 3205 407 3276 vales
424 3205 524 3282 aliqua
539 3223 596 3265 nos
611 3217 698 3283 parte
713 3208 859 3266 valemus:

113 3311 230 3388 Quippe
248 3325 316 3369 mee
330 3320 378 3369 est
392 3310 526 3370 humeris
538 3311 612 3370 iulte
629 3310 716 3371 ruina
732 3311 802 3371 tuis.

73 3415 129 3488 Qui
144 3415 218 3477 mihi
232 3431 325 3492 quum
338 3413 459 3474 dederis
474 3414 608 3491 ingentia
623 3415 764 3494 pignora,
781 3432 939 3494 quumque

118 3526 174 3584 Per
189 3539 335 3584 numeros
349 3538 457 3583 omnes
472 3524 531 3584 hoc
550 3535 656 3585 tueare
671 3534 775 3600 capue
878 3585 880 3588 ,

74 3629 161 3701 Quod
185 3640 238 3690 tue
252 3645 300 3691 me
314 3645 386 3688 raro
402 3629 519 3689 soletur
533 3629 676 3706 epistola,
694 3646 816 3705 peccas:

123 3738 259 3813 Itemque
277 3737 360 3816 piam
375 3748 516 3816 praestas,
528 3737 559 3797 ni
575 3737 648 3798 mihi
658 3737 750 3800 verba
764 3756 868 3818 neges.
