2932 5002
723 307 844 365 ..89-

257 446 285 504 (1
302 441 419 503 utinam
432 437 525 510 renti,
549 437 660 514 quibus
675 447 723 496 est
745 437 866 496 ablatus
882 438 1015 507 Orestes,

305 542 875 608 mwmmmmm

577 762 759 818 lulium
772 763 819 816 V.

262 979 287 1037 i)
303 975 374 1035 mihi
389 974 519 1035 dilectos
534 973 613 1034 inter
629 989 697 1033 sors
711 954 809 1050 prima
824 974 958 1044 sodales,

307 1084 400 1146 Unica
415 1082 544 1144 fortunis
559 1099 612 1143 ara
626 1094 747 1160 roperta
767 1082 854 1155 meis;

263 1192 357 1268 Cujus
372 1192 410 1251 ab
425 1189 575 1267 adloquiis
590 1188 690 1249 anima
704 1191 771 1249 haec
786 1189 968 1251 moribunda
983 1192 1102 1265 revixit,

307 1299 344 1359 Ut
364 1296 433 1375 vigil
450 1297 549 1357 infusa
563 1297 684 1357 Pallade
708 1297 828 1380 ssamma
843 1299 935 1358 solet:

264 1406 321 1476 Qui
336 1405 450 1468 veritus
465 1423 527 1466 non
543 1422 576 1466 es
593 1415 702 1483 portus
718 1405 838 1482 aperire
854 1405 971 1478 fideles,

308 1512 444 1574 Fulmina
458 1529 614 1591 percussae
629 1511 866 1590 confugiumque
881 1513 949 1584 rati;

265 1620 360 1696 Cujus
377 1636 461 1679 eram
476 1636 571 1679 censu
590 1635 652 1678 non
671 1635 720 1678 mc
735 1635 883 1680 sensurus
899 1631 1064 1697 egemtem,

310 1727 340 1788 Si
356 1727 457 1787 Caesar
471 1726 584 1805 patrias
602 1726 766 1804 eripuisset
784 1744 872 1805 opes;

269 1834 429 1912 Temporis
444 1834 571 1895 oblitum
588 1836 660 1895 dum
675 1851 724 1894 me
741 1834 820 1911 rapit
834 1834 968 1911 impetus
982 1835 1084 1910 hujus,

313 1940 444 2013 Excidit,
462 1941 533 2001 heu!
549 1958 661 2001 nomen
676 1957 767 2016 quam
783 1940 854 1999 mihi
874 1957 962 2017 paene
977 1941 1073 2000 tuum!

272 2051 315 2109 Tu
332 2060 435 2110 tamen
448 2049 604 2127 agnoscis:
621 2058 782 2124 tactusque
802 2048 945 2126 cupidine
962 2048 1071 2120 laudis,

311 2155 364 2215 lile
380 2172 439 2233 ego
454 2171 534 2227 sum,
555 2171 684 2234 cuperes
699 2154 802 2216 dicere
816 2170 909 2232 posse
926 2155 1036 2231 palam.

270 2263 358 2324 Certe
373 2280 443 2340 ego,
460 2262 487 2323 si
503 2263 631 2336 sineres,
649 2262 770 2324 titulum
783 2261 838 2323 tibi
852 2263 982 2323 reddere
997 2263 1116 2334 veliem,

311 2373 347 2431 Et
362 2387 464 2431 raram
481 2371 570 2430 famae
586 2371 749 2430 conciliare
763 2370 864 2429 fidem.

271 2479 313 2538 Ne
329 2493 458 2538 noceam
476 2487 564 2553 grato
579 2491 688 2534 vereor
703 2474 756 2534 tibi
771 2473 916 2545 carmine,
934 2491 1010 2534 neve

311 2580 520 2658 intempestivi
535 2579 667 2639 nominis
683 2580 784 2639 obstet
798 2580 908 2638 honos.

269 2689 358 2760 erod
373 2688 445 2749 iicet
460 2698 491 2749 et
504 2698 603 2749 tutum
619 2698 676 2760 est,
693 2687 772 2748 intra
787 2698 837 2748 tua
852 2698 980 2766 pectora
994 2690 1106 2766 gaude,

312 2795 421 2871 Meque
441 2795 484 2855 tui
500 2811 679 2868 memorem,
698 2806 787 2871 teque
802 2793 896 2855 inisse
910 2795 981 2856 mci.

272 2906 371 2982 thue
386 2905 472 2978 sacis,
489 2906 582 2967 remis
598 2907 636 2966 ad
651 2923 742 2984 opem
757 2907 875 2967 luctare
889 2906 1056 2978 serendam,

310 3012 389 3071 lium
403 3011 504 3072 veniat
519 3012 644 3090 placido
660 3012 783 3072 mollior
797 3028 871 3072 aura
886 3013 955 3072 deo:

272 3118 309 3176 Et
325 3128 426 3179 tutare
441 3129 534 3196 caput
549 3119 624 3180 nulii
640 3121 801 3193 servabiie,
818 3121 843 3180 si
857 3137 919 3181 non

312 3223 367 3294 Qui
384 3224 490 3285 mersit
505 3225 607 3302 Stygia
624 3226 764 3286 sublevet
784 3225 859 3286 iilud
873 3243 962 3301 aqua.

269 3334 384 3409 Teque,
402 3332 485 3409 quod
500 3342 547 3392 est
563 3349 679 3403 rarum,
696 3343 810 3410 praesta
824 3343 1001 3394 constanter
1015 3335 1053 3394 ad
1069 3350 1159 3394 omne

313 3438 511 3498 indeclinatae
525 3454 639 3497 munus
654 3437 805 3498 amicitiae.

267 3544 317 3604 Sic
334 3553 386 3602 tua
400 3559 565 3620 processus
581 3544 693 3604 haheat
708 3545 833 3606 fortuna
848 3562 1011 3622 perennes3

311 3647 360 3709 Sic
376 3664 435 3725 ope
455 3666 517 3709 non
534 3665 625 3726 ageas
641 3648 718 3726 ipse,
732 3651 882 3728 iuvesque
898 3662 978 3712 tuos:
