2932 5002
684 346 827 410 -118‘-

253 492 352 569 thue
366 504 485 561 canem,
502 484 619 564 pavidae
639 493 763 543 nactum
776 479 902 558 vestigia
916 491 1028 553 cerrae,

294 603 472 661 Luctantem
486 595 600 655 frustra
614 592 725 670 copula
739 591 816 652 dura
830 598 926 659 tenet;

252 707 352 783 thue
365 704 447 764 soros
461 702 598 763 nondum
613 697 739 759 reserati
754 694 889 757 carceris
903 711 976 754 acen

295 815 381 875 Nunc
395 813 485 890 pede,
502 826 584 870 nunc
598 807 664 885 ipsa
678 807 790 877 fronte,
807 803 929 865 lacessit
943 814 1053 879 equus;

254 918 302 980 Sic
316 916 394 990 mea,
410 918 478 994 lege
492 916 561 976 data
574 913 675 972 vincta
689 922 780 988 atque
793 909 922 982 inclusa,
939 907 1042 967 Thalia

294 1026 350 1085 Per
365 1022 486 1082 titulum
499 1018 582 1080 vetiti
596 1016 727 1077 nominis
741 1015 786 1075 ire
798 1014 893 1092 cupit.

254 1133 297 1193 No
310 1141 411 1191 tamen
426 1126 524 1189 officio
538 1123 682 1186 memoris
697 1122 817 1183 laedaris
839 1120 939 1193 amici,

296 1237 411 1298 Parebo
424 1233 530 1311 jussis,
547 1248 640 1310 parce
655 1230 773 1303 timere,
788 1226 860 1289 tuis.

254 1345 292 1405 m
311 1360 372 1403 uon
388 1356 540 1419 parerem,
568 1335 666 1397 nisisi
682 1332 855 1394 meminisse
869 1344 1006 1411 putares:

296 1451 360 1510 Hoc
375 1447 457 1524 quod
472 1463 534 1507 non
549 1443 693 1522 prohibet
706 1460 767 1505 vox
781 1453 843 1515 tua,
860 1454 966 1520 gratus
981 1458 1046 1502 ero.

256 1556 405 1630 Dumque,
422 1552 505 1627 quod
520 1568 538 1611 o
553 1551 646 1610 breve
660 1547 709 1608 sit!
726 1548 828 1607 lumen
842 1547 942 1608 solare
956 1545 1078 1617 videbo,

300 1660 415 1722 serviet
429 1659 530 1720 officio
545 1656 670 1735 spiritus
683 1655 740 1717 iste
755 1666 820 1716 tuo.

600 1874 781 1929 mmmm
805 1874 855 1927 X.

262 2087 300 2148 Ut
314 2102 419 2146 sumus
433 2084 464 2144 in
479 2085 587 2157 Ponto,
604 2094 652 2145 ter
671 2083 785 2161 frigore
800 2081 935 2144 constitit
954 2083 1044 2153 lster3

261 2231 265 2258 .
304 2190 394 2249 Facto
409 2199 456 2248 est
469 2187 576 2248 Euxini
592 2188 669 2247 dura
684 2199 730 2248 ter
740 2187 821 2247 unda
837 2186 938 2247 maris.

265 2299 302 2360 tt
317 2297 388 2358 mihi
400 2298 464 2373 jam
478 2295 583 2357 videor
597 2295 694 2372 patria
709 2297 817 2372 procul
832 2313 900 2355 esse
916 2296 1074 2368 totenais,

308 2406 446 2466 Dardana
457 2414 532 2480 quot
543 2402 631 2463 Graio
645 2403 735 2478 Troja
750 2405 808 2464 sub
822 2404 911 2464 hoste
924 2404 991 2465 suit.

264 2516 350 2576 Stare
363 2523 464 2590 putes,
480 2512 557 2572 odeo
571 2512 744 2588 procedunt
758 2523 898 2588 tempora
919 2513 1015 2584 tarde,

309 2623 345 2682 Et
359 2619 479 2697 peragit
492 2618 582 2679 lentis
597 2617 738 2696 passibus
755 2635 853 2681 annus
868 2619 937 2680 iter.

267 2729 328 2789 Nec
344 2727 416 2788 mihi
432 2725 594 2787 solstitium
609 2725 774 2802 quidquam
790 2727 828 2786 de
842 2727 984 2789 noctibus
999 2727 1109 2800 aufert3

309 2830 409 2893 Eiricit
419 2842 565 2909 angustos
579 2847 637 2891 uec
652 2831 723 2889 mihi
738 2832 846 2891 bruma
861 2831 937 2893 dies.

270 2939 392 3000 Scilicet
405 2938 435 2997 in
451 2938 539 2998 nobis
553 2954 657 2996 renum
671 2947 780 2998 nutum
795 2948 904 2999 novata
919 2950 976 3012 est,

311 3046 446 3123 Cumque
461 3032 536 3106 meis
551 3045 633 3106 curis
649 3044 750 3105 omnia
771 3046 959 3123 longefacit.

270 3153 346 3213 Num
361 3161 512 3230 peragunt
526 3151 633 3212 solitos
648 3151 821 3212 communia
837 3163 975 3230 tempora
990 3165 1103 3228 motus,

315 3263 452 3338 Suntque
467 3259 563 3338 magis
579 3259 647 3321 vitae
662 3269 802 3338 tempora
816 3261 891 3321 dum
903 3262 995 3322 meae‘t

271 3368 366 3438 Quem
377 3377 461 3429 tenet
475 3366 583 3427 Euxini
598 3367 730 3428 mendax
744 3366 927 3444 cognomine
941 3368 1024 3442 litus,

314 3477 352 3536 Et
363 3474 494 3552 Scythici
509 3486 675 3536 verereris
690 3475 811 3537 sinistra
823 3475 906 3537 freti.

273 3583 446 3643 lnnumerae
459 3581 542 3644 circa
556 3593 662 3661 gentes
676 3583 741 3644 fera
754 3585 835 3644 bella
850 3583 1017 3656 minantur,

316 3685 387 3753 Quae
403 3685 460 3746 sibi
483 3705 546 3748 non
560 3699 648 3765 rapto
664 3687 764 3749 virere
781 3699 869 3767 turpe
885 3699 1005 3765 putant.
