2932 5002
495 383 639 445 -lut-

86 514 197 575 Ferrea
213 528 281 574 sors
299 513 368 575 vitae
384 512 577 590 difficilisque
592 514 716 591 premit:

45 621 102 681 lllo
117 636 175 680 nec
188 619 284 697 levius
299 619 406 692 cecidi,
422 636 515 697 quem
530 635 644 698 magua
658 620 802 683 locutum

89 725 232 804 Reppulit
244 743 262 788 a
275 726 385 787 Thebis
398 726 519 804 Jupiter
538 727 613 805 igue
629 744 700 789 suo.

45 833 85 893 Ut
98 842 201 893 tamen
214 829 324 892 audisti
338 848 522 909 percussum
539 831 671 892 fulmine
686 841 803 903 vatem,

91 939 255 1001 Admonitu
269 940 374 1001 matris
389 940 590 1008 condoluisse
603 950 707 1018 poteo.

50 1050 87 1110 lit
101 1059 200 1128 ports,
216 1048 388 1128 adspiciens
403 1050 521 1113 circum
538 1061 591 1113 tua
608 1066 697 1113 sacra
710 1059 831 1127 poetas,

92 1157 200 1218 Nescio
214 1157 283 1235 quis
298 1157 410 1231 nostri,
426 1157 546 1231 dicere,
568 1158 671 1219 cultor
687 1158 788 1218 abest.

52 1263 120 1336 Fer,
135 1265 229 1338 hone,
244 1263 333 1324 Liher
345 1279 452 1340 opem:
469 1262 515 1324 sic
532 1262 626 1324 altum
642 1262 789 1340 degravet
803 1261 922 1325 ttlmttm

94 1368 180 1442 Vitis,
196 1380 227 1429 et
240 1368 360 1430 incluso
374 1369 466 1446 plena
481 1366 521 1428 sit
535 1382 595 1429 uva
612 1383 713 1428 mero:

54 1473 102 1535 Sic
117 1474 171 1535 tihi
185 1492 255 1535 cum
269 1473 394 1535 Bacchis
408 1475 588 1552 Satyrorum
604 1489 701 1552 guara
713 1473 864 1550 juventus

96 1582 193 1655 Adsit,
209 1592 241 1643 et
253 1580 382 1644 attonito
396 1600 459 1642 non
475 1592 598 1645 taceare
614 1599 706 1648 sono.

57 1692 130 1752 Ossa
142 1682 324 1769 bipenniferi
338 1691 382 1752 sic
397 1690 457 1752 sint
471 1692 550 1753 male
564 1706 671 1769 pressa
687 1690 830 1768 Lycurgi,

100 1799 193 1878 lmpia
207 1817 264 1861 uec
278 1817 371 1878 poena
384 1800 537 1865 Pentheos
552 1801 664 1862 umbra
678 1809 779 1861 vacet:

59 1907 108 1968 Sic
122 1907 214 1970 micet
230 1918 391 1970 aeternum.
408 1907 568 1985 vicinaque
587 1907 688 1968 sidera
702 1906 803 1967 vincat

102 2015 245 2094 Coniugis
261 2015 293 2076 in
308 2018 388 2078 coelo
406 2017 514 2078 Cressa
531 2031 650 2077 corona
664 2025 739 2076 tuae.

59 2124 125 2186 lluc
139 2125 223 2199 ades,
240 2136 272 2185 et
285 2141 376 2186 casus
390 2125 522 2198 releves,
538 2122 756 2202 pulcherrime,
774 2132 913 2196 nostrum

103 2231 202 2301 Unum
218 2230 257 2292 dc
271 2249 399 2292 numero
420 2247 472 2293 me
485 2248 605 2293 memor
619 2247 689 2294 esse
704 2239 772 2292 tuo.

60 2339 138 2398 Sunt
151 2337 201 2400 llis
217 2339 297 2402 inter
311 2358 345 2402 se
359 2340 556 2402 commercia:
575 2342 703 2400 flectere
712 2348 801 2398 teuta

102 2444 275 2506 Caesareum
289 2460 404 2505 numen
420 2444 559 2513 numine,
579 2443 713 2513 Bacche,
732 2451 798 2501 tuo.

62 2551 124 2612 Vos
140 2565 275 2627 quoque,
293 2557 459 2609 consortes
474 2545 577 2617 studii,
593 2544 645 2622 pia
659 2545 762 2616 turha,
780 2553 893 2622 poetae,

101 2660 174 2718 Haec
189 2656 296 2716 eadem
312 2665 435 2732 sumpto
451 2647 583 2731 quisque
596 2663 703 2730 rogate
721 2669 818 2714 mero.

59 2763 159 2840 Atque
172 2759 281 2837 aliquis
294 2769 442 2832 vestrum,
461 2758 595 2821 Nasonis
608 2758 734 2820 nominc
749 2759 844 2833 dicto,

106 2869 246 2945 Deponat
258 2865 402 2943 lacrymis
417 2866 530 2943 pocula
546 2864 636 2927 mista
650 2864 727 2927 suis:

64 2974 308 3051 hdmonitnsquc
322 2973 393 3046 mei,
409 2990 504 3050 quum
517 2971 772 3051 circumspexerit
785 2991 906 3048 omnes,

110 3081 206 3153 hicat,
223 3080 279 3142 Uhi
294 3090 342 3140 est
355 3080 455 3141 nostri
468 3097 542 3158 pars
558 3082 656 3144 modo.
666 3081 750 3143 Naso·
760 3081 869 3143 chorii*

66 3189 161 3266 ldque
172 3188 225 3261 ita,
239 3187 264 3247 si
278 3198 414 3249 restrum
429 3187 528 3249 merui
544 3189 684 3248 candore
697 3187 846 3259 savorem,

108 3298 255 3373 Nullaque
265 3295 383 3373 judicio
397 3296 485 3357 litera
501 3297 579 3358 laesa
593 3310 663 3356 meo
678 3305 736 3366 esu

74 3404 116 3477 Si,
129 3414 266 3465 veterum
281 3401 373 3479 digne
386 3417 517 3463 veneror
532 3416 629 3478 quum
641 3400 757 3478 scripta
770 3401 919 3475 uirorum,

112 3507 254 3570 Proxima
271 3524 334 3567 nou
350 3505 410 3567 illis
425 3523 496 3569 esso
513 3505 635 3569 minora
647 3523 734 3568 reor.

73 3615 123 3678 Sic
137 3613 230 3692 igitur
242 3614 352 3674 dextro
367 3611 485 3679 faciatis
502 3611 643 3690 Apolline
655 3622 797 3684 carmen,

117 3721 204 3792 Quod
220 3720 303 3797 licet,
318 3720 399 3782 inter
410 3737 466 3786 vos
479 3737 596 3785 nomeu
606 3720 719 3784 habete
738 3734 855 3787 uncum
