2932 5002
721 343 842 401 ..p-1-

256 479 461 555 induiturque
476 476 612 538 humeris
627 494 699 537 cum
716 478 778 537 lato
794 494 932 554 purpura
943 479 1042 538 clavo:

303 589 339 647 Et
354 585 490 646 studium
506 584 606 656 nobis,
628 584 712 661 quod
723 583 780 644 luit
794 594 876 658 ante,
894 595 1009 645 manet.

257 695 386 770 Jamque
400 693 508 752 decem
523 690 592 750 vitae
608 690 701 751 frater
712 690 920 768 geminaverat
934 707 1044 762 annos,

304 800 481 879 Comperit,
494 811 524 861 et
540 800 621 877 coepi
641 810 729 877 parta
746 815 853 860 carere
871 799 941 859 mei.

260 909 402 986 Cepimus
417 919 447 969 et
464 920 578 969 tenerae
593 907 710 984 primos
721 907 820 967 aetatis
837 908 984 979 honores,

302 1018 406 1093 Deque
420 1015 491 1076 viris
507 1016 663 1091 quondam
677 1031 749 1091 pars
764 1014 864 1074 tribus
875 1030 936 1074 una
951 1014 1004 1073 fui.

258 1124 346 1183 Curia
360 1124 506 1184 restabat:
520 1121 596 1182 elavi
612 1133 876 1182 mensuraooacta
888 1131 946 1183 est.

303 1233 399 1309 Majus
411 1241 476 1291 erat
491 1229 605 1291 nostris
619 1229 734 1290 viribus
744 1230 822 1290 illud
841 1247 931 1290 onus.

263 1340 324 1400 Nec
340 1338 459 1417 patiens
474 1355 599 1416 eorpus,
614 1354 671 1398 uec
690 1354 777 1398 meus
793 1335 849 1397 luit
859 1347 929 1414 apta
944 1336 1053 1408 labori,

302 1446 506 1524 sollicitaeque
519 1445 612 1523 sugas
626 1444 801 1506 ambitionis
819 1460 918 1506 eram:

264 1558 300 1616 Et
313 1567 419 1634 petere
433 1554 537 1615 Aoniae
551 1555 721 1617 suadebant
734 1564 800 1615 tuta
815 1571 940 1616 sorores

306 1660 381 1735 Otia,
393 1661 510 1738 iudicio
526 1678 648 1739 semper
667 1672 767 1722 amata
782 1678 862 1723 meo.

268 1767 428 1844 Temporis
443 1767 525 1829 illius
540 1768 622 1828 colui
637 1767 759 1845 fovique
775 1779 895 1845 poetas,

313 1875 451 1952 Quotque
466 1877 592 1936 aderant
606 1887 701 1948 vates,
715 1876 805 1936 rebar
819 1877 928 1936 adesse
941 1877 1027 1937 deos.
1288 1952 1301 1963 μ

272 1985 361 2062 Saepe
375 2002 446 2045 suas
457 1986 599 2046 volucres
613 1984 687 2061 legit
708 1983 780 2043 mihi
795 1983 1026 2062 grandioraevo,
1224 1982 1274 2027 r*

308 2090 441 2167 Quaeque
457 2100 548 2151 necet
562 2106 704 2167 serpens,
722 2106 791 2166 quae
802 2090 889 2165 juvet
900 2090 1007 2162 herba,
1019 2089 1131 2150 Macer.

265 2200 355 2275 Saepe
371 2215 440 2260 suos
451 2197 558 2259 solitus
574 2197 705 2259 recitare
724 2196 902 2275 Propertius
912 2196 1011 2275 ignes,

305 2306 378 2365 lure
393 2305 524 2366 sodalitii
535 2305 587 2382 qui
606 2305 677 2365 mihi
689 2305 817 2380 junctus
828 2315 904 2364 erat.

266 2411 412 2471 Ponticus
422 2411 530 2480 heroo,
547 2411 659 2468 Bassus
674 2424 799 2483 quoque
813 2408 914 2466 clarus
934 2406 1047 2477 iambo,

309 2518 415 2579 Dulcia
429 2516 588 2576 convictus
604 2515 741 2574 membra
753 2513 839 2573 luere
854 2514 924 2573 mei.

262 2623 300 2684 Et
317 2622 414 2683 tenuit
428 2631 549 2681 nostras
557 2635 740 2679 numerosus
754 2617 895 2679 Horatius
908 2634 1011 2690 aures

305 2730 383 2788 llum
398 2727 468 2788 ierit
482 2724 616 2786 Ausonia
627 2723 763 2784 carmina
776 2724 858 2784 culta
873 2725 954 2801 lyra.

264 2835 426 2914 Virgilium
439 2834 500 2897 vidi
516 2845 648 2895 tantum:
665 2850 722 2893 nec
736 2847 827 2894 avara
836 2830 956 2893 Tibullo

310 2948 445 3024 Tempus
459 2943 599 3005 amicitiae
614 2942 675 3005 lata
687 2944 801 3005 dedere
812 2959 902 3004 meae.

267 3055 440 3115 Successor
453 3053 509 3114 luit
523 3052 573 3113 bic
587 3051 652 3125 tibi,
669 3052 763 3125 Galle,
782 3051 960 3129 Propertius
971 3051 1024 3111 illi.

311 3159 442 3230 Quartus
457 3159 495 3218 ab
509 3159 557 3218 his
572 3158 651 3220 serie
668 3157 817 3235 temporis
832 3158 898 3235 ipse
911 3157 965 3218 fui.

266 3269 365 3344 thue
381 3284 439 3345 ego
454 3267 599 3343 maj0res,
616 3266 659 3328 sic
674 3283 723 3327 me
738 3267 863 3327 coluere
877 3265 1024 3337 minorem

305 3375 446 3451 Notaque
462 3390 524 3433 non
546 3373 634 3434 tarde
654 3373 734 3433 lacta
749 3371 852 3433 Thalia
865 3389 933 3434 mea
947 3384 1004 3434 est.

263 3478 401 3541 Carmina
417 3496 488 3541 eum
503 3478 638 3556 primum
659 3480 776 3556 populo
787 3479 934 3555 juvenilia
948 3479 1019 3556 legi,

305 3588 407 3648 Barba
421 3596 541 3649 resecta
556 3586 631 3646 milri
645 3586 731 3648 bisve
747 3588 879 3648 semelve
893 3586 960 3647 fuit.

261 3695 397 3754 Moverat
413 3693 570 3771 ingenium
588 3702 686 3761 totam
705 3702 825 3754 cantata
839 3701 897 3770 per
914 3691 1024 3754 urbem
