2932 5002
849 381 970 444 ..38-

395 511 480 575 Nunc
495 513 548 575 tibi
562 513 716 574 Pannonia
733 523 791 587 est,
806 531 889 576 nunc
904 516 1001 594 illyris
1016 530 1070 576 ora
1084 515 1251 579 domanda:

437 623 571 686 Rhaetica
585 640 667 685 nunc
681 625 822 702 praebent
835 625 1024 702 Thraciaque
1039 641 1123 686 arma
1138 637 1267 687 metum.

393 733 479 793 Nunc
492 733 569 810 petit
582 733 744 794 Armenius
762 749 884 810 pacem:
902 750 985 794 nunc
1001 734 1133 813 porrigit
1144 751 1237 796 arcus

434 840 563 900 Parthus
577 855 683 916 eques,
702 838 806 901 timida
821 850 971 917 captaque
986 839 1073 918 signa
1089 855 1191 901 manu.

396 947 481 1008 Nunc
499 958 529 1008 te
546 947 634 1024 prole
649 958 700 1008 tua
711 948 856 1024 juvenem
874 947 1033 1008 Germania
1051 948 1155 1020 sentit,

437 1053 580 1130 Bellaque
591 1069 649 1130 pro
668 1069 780 1131 magno
797 1053 916 1113 Caesare
930 1053 1033 1113 Caesar
1050 1052 1125 1113 obit.

394 1161 540 1238 Denique,
558 1172 593 1223 ul
604 1162 635 1220 in
651 1172 747 1234 laute,
763 1172 910 1238 quantum
925 1178 987 1221 nun
1002 1159 1119 1222 exstitit
1133 1178 1281 1238 unquam,

362 1295 366 1303 ·
438 1270 584 1349 Corpore,
601 1287 674 1348 pars
691 1271 836 1331 nullaesa
853 1287 925 1347 quae
938 1269 1021 1331 labet
1038 1268 1170 1347 imperii,

396 1376 474 1437 Urbs
488 1391 611 1452 quoque
627 1384 670 1447 te,
686 1386 718 1435 et
732 1375 836 1453 legum
850 1376 945 1434 lassat
962 1376 1056 1435 tutela
1073 1385 1208 1446 tuamm,

438 1484 475 1544 Et
488 1497 622 1556 morum,
641 1481 754 1543 similes
769 1498 848 1559 quos
862 1481 949 1559 cupis
964 1499 1033 1544 esse
1048 1483 1120 1544 tuis.

396 1590 457 1651 Nec
471 1588 525 1650 tibi
540 1588 734 1667 contingunt,
751 1605 821 1666 quae
835 1587 977 1666 genubus
992 1587 1054 1650 otia
1068 1600 1211 1668 praestas,

437 1696 581 1773 Bellaque
596 1711 666 1756 cum
680 1694 784 1756 multis
798 1694 963 1772 irrequieta
977 1695 1071 1774 geris.

397 1800 488 1863 llirer
501 1801 533 1861 in
548 1802 608 1863 hoc
623 1800 716 1880 igilur
731 1811 883 1862 tantarum
897 1803 1036 1880 pondere
1050 1816 1156 1862 rerum

438 1910 588 1987 Umquam
602 1919 634 1970 te
647 1921 771 1972 nostros
785 1909 936 1971 evoluisse
947 1909 1049 1986 jocos.

397 2019 435 2082 lt
448 2019 485 2092 si,
501 2020 585 2097 quod
600 2020 733 2092 mallem,
749 2036 863 2080 vacuus
877 2019 1008 2078 fortasse
1023 2017 1147 2087 luisses,

440 2126 562 2188 Nullum
576 2125 704 2206 legisses
719 2125 835 2186 crimen
850 2124 881 2183 in
896 2124 968 2184 Arte
982 2140 1062 2184 mea.

400 2232 453 2294 llla
468 2231 592 2310 quidem
606 2232 705 2293 fateor
718 2229 828 2291 llonlis
842 2245 906 2289 non
921 2244 989 2290 esse
1002 2244 1119 2290 severae

444 2338 575 2416 Scripta,
590 2353 648 2398 nec
662 2352 680 2397 a
694 2345 780 2397 tanto
795 2333 933 2412 principe
949 2333 1040 2412 digna
1053 2332 1126 2411 legi:

397 2445 464 2504 Non
480 2454 582 2505 tamen
597 2440 713 2503 idcirco
727 2441 831 2519 legum
844 2439 997 2502 contraria
1006 2438 1106 2517 jussis

442 2554 520 2614 Sunt
534 2569 581 2626 ea,
598 2553 751 2613 Romanas
766 2552 972 2629 erudiuntque
987 2564 1094 2612 nurus.

398 2656 478 2717 Neve
494 2657 605 2733 quibus
620 2656 751 2718 scribam
765 2658 865 2733 possis
881 2657 1031 2728 dubitare,
1048 2656 1172 2718 libellus

443 2765 579 2836 Quatuer
592 2764 650 2824 hos
664 2779 773 2823 versus
787 2762 920 2827 etrihns
933 2778 1013 2821 unns
1027 2763 1130 2823 habet:

403 2893 414 2926 ‹
430 2871 501 2931 Este
515 2868 638 2944 procul,
654 2866 737 2926 vittae
749 2874 868 2938 tenues,
885 2864 1005 2943 insigne
1018 2866 1161 2943 pudoris,

441 2978 576 3053 Quaeque
591 2975 670 3053 tegis
685 2974 802 3037 medius
817 2974 922 3037 instita
936 2976 1029 3054 longa
1041 2976 1149 3053 pedes:

399 3086 456 3160 Nil,
474 3086 532 3147 nisi
546 3084 727 3164 legitimum,
748 3100 958 3162 concessaque
972 3085 1064 3158 furta,
1080 3102 1239 3161 canemus,
1271 3100 1275 3107 ·

443 3195 538 3272 lnque
553 3210 623 3254 meu
639 3193 757 3253 nullum
771 3191 908 3254 carmine
920 3192 1037 3255 crimen
1052 3193 1120 3255 erle.
1136 3217 1147 3248 ›

403 3302 520 3383 Ecquid
534 3304 573 3364 ab
587 3303 645 3362 hac
661 3318 769 3363 omnes
784 3300 881 3380 rigide
895 3301 1114 3363 summovimus
1124 3303 1198 3364 Arte

442 3415 523 3488 Quas
539 3415 618 3475 stola
633 3412 772 3492 contingi
786 3413 921 3490 vittaque
937 3423 1059 3491 sumpla
1073 3414 1173 3474 velati

403 3523 440 3584 lt
454 3533 594 3584 matrona
608 3531 713 3599 potest
726 3520 832 3582 alienis
847 3521 964 3583 artibus
979 3520 1035 3593 nti;

443 3629 591 3706 Quodque
607 3629 718 3701 trahat,
732 3628 871 3706 quamvis
886 3645 950 3690 nun
965 3629 1124 3696 doceatur,
1141 3625 1247 3685 habet.

399 3733 445 3794 Nil
459 3733 552 3813 igitur
566 3743 706 3795 matrona
719 3735 813 3813 legal:
830 3734 900 3810 quia
914 3731 1050 3794 carmine
1064 3731 1104 3791 ab
1120 3728 1211 3789 omni
