2932 5002
702 374 845 432 -lla-

294 511 349 582 Qui
364 510 435 570 milri
451 509 649 585 confugium,
667 507 719 583 qui
734 506 807 566 mibi
823 517 930 583 portus
946 525 1026 578 eras;

254 616 297 676 Tu
316 618 409 677 modo
427 632 499 675 suse
511 614 573 691 epti
589 628 713 672 causam
727 611 851 672 dimittis
866 612 967 684 amici,

294 721 453 797 officiique
472 719 556 796 pium
573 729 634 778 tam
651 716 712 776 eito
727 717 819 794 ponis
834 717 926 776 onus?

255 829 379 889 Sareina
395 846 475 901 sum,
493 828 602 899 lateam
620 843 711 902 quam
727 826 751 885 si
766 837 800 886 tu
814 836 953 901 tempore
968 826 1048 886 duro

299 936 509 1012 Depositnrus
525 952 604 1005 eras,
621 952 683 993 non
698 934 856 994 subeunda
872 933 938 993 suit.

257 1045 415 1104 Fluctibus
435 1043 464 1102 iu
481 1043 588 1102 mediis
603 1059 721 1112 navem,
738 1041 888 1113 Palinure,
906 1040 1067 1116 relinquis?

299 1152 341 1210 lle
356 1150 439 1228 luge3
457 1167 535 1209 neve
552 1159 603 1208 tua
619 1148 658 1208 sit
672 1147 772 1207 minor
787 1159 852 1207 arte
867 1148 954 1208 [ides

256 1255 409 1332 Numquid
425 1255 590 1325 Achilleos,
607 1253 687 1313 inter
702 1253 765 1313 sera
780 1253 896 1331 praelia,
914 1254 966 1313 fidi

299 1362 448 1423 Deseruit
461 1362 568 1421 levitas
585 1360 817 1420 Automedontis
832 1361 943 1436 equos?

258 1477 353 1545 Quem
369 1475 473 1534 semel
488 1472 620 1550 excepit,
637 1473 785 1549 numquid
800 1472 968 1534 Podalirius
982 1490 1070 1552 aegro

300 1583 486 1643 Promissam
504 1581 635 1643 medicae
651 1599 712 1640 non
729 1581 798 1641 tulit
812 1580 886 1641 artis
901 1582 1005 1657 opem‘l

258 1692 389 1769 Turpius
404 1690 535 1768 ejicitur,
553 1708 645 1768 quam
661 1709 724 1749 non
740 1690 911 1751 admittitur
926 1691 1054 1768 bospes;

305 1797 378 1867 Quae
395 1797 504 1874 patuit,
521 1798 645 1857 dextrae
661 1797 748 1855 firma
763 1795 802 1855 sit
816 1812 868 1854 ara
883 1812 970 1855 meae.

259 1905 317 1975 Nil,
334 1904 392 1964 nisi
409 1921 459 1963 me
476 1906 588 1977 solum,
605 1904 704 1981 primo
720 1913 837 1964 tutatus
853 1920 899 1963 es:
917 1913 948 1963 at
964 1919 1045 1963 nunc

304 2012 351 2070 lle
367 2011 483 2088 pariter
499 2028 597 2082 serra,
612 2010 825 2086 judiciumque
840 2021 936 2080 tuum;

260 2116 290 2175 Si
306 2117 398 2175 modo
413 2134 475 2174 non
490 2116 591 2192 aliqua
607 2127 654 2175 est
669 2116 699 2174 in
715 2132 764 2174 me
779 2132 857 2175 nora
878 2116 980 2192 culpa,
997 2125 1145 2190 tuamque

301 2224 457 2282 llutarunt
471 2223 573 2282 subito
589 2222 680 2281 erimi
691 2240 729 2281 na
744 2233 848 2282 nostra
863 2223 964 2283 sideru.

260 2331 390 2408 Spiritus
405 2330 465 2402 hie,
482 2329 622 2408 Scythica
637 2346 734 2406 quem
751 2347 813 2389 non
828 2331 907 2389 bene
922 2331 1062 2391 ducimus
1077 2347 1165 2402 aura,

306 2441 393 2511 Quod
410 2439 517 2517 euplo,
534 2440 683 2500 membris
699 2451 787 2501 exeat
801 2450 871 2500 ante
886 2440 972 2511 meis,

260 2548 353 2618 Quam
369 2559 422 2607 tua
437 2546 549 2607 delicto
565 2546 758 2623 stringantur
773 2556 899 2622 pectora
916 2555 1038 2618 nostro,

302 2655 338 2712 llt
354 2652 457 2712 videar
472 2651 583 2712 merito
608 2651 698 2712 vilior
713 2669 780 2713 esse
794 2652 859 2712 tibi.

263 2767 329 2825 Non
347 2766 425 2824 adeo
443 2765 500 2824 toti
513 2765 582 2826 latis
598 2783 745 2843 urgemur
761 2765 883 2842 iniquis

306 2877 344 2936 Ut
359 2891 426 2934 mea
440 2875 479 2934 sit
494 2876 594 2953 longis
610 2894 697 2936 mens
712 2895 836 2953 quoqne
850 2888 931 2938 mota
947 2879 1046 2940 malis.

266 2967 361 3058 Finge
377 2991 479 3041 tamen
497 2992 625 3043 motam:
642 2982 763 3060 quoties
778 2984 1007 3060 Agamemnone
1021 2995 1126 3046 natum

304 3088 422 3148 Dixisse
438 3089 469 3147 in
487 3089 621 3166 Pyladen
638 3090 731 3149 rerba
745 3101 888 3166 proterva
901 3092 1005 3168 putas?

264 3199 324 3258 Nec
340 3199 450 3275 proeul
466 3215 483 3257 a
499 3215 573 3258 vero
588 3209 646 3270 est,
663 3199 747 3275 quod
761 3201 807 3259 rel
823 3199 952 3276 pulsarit
966 3199 1111 3261 amicum:

307 3304 418 3364 blansit
432 3303 463 3362 in
482 3303 590 3363 oslieiis
604 3322 667 3364 non
684 3304 786 3364 minus
801 3304 851 3365 ille
867 3305 941 3365 suis.

264 3411 327 3472 lloc
343 3423 391 3473 est
406 3429 476 3472 eum
491 3412 610 3472 miseris
625 3414 725 3472 solnm
741 3430 903 3472 commune
918 3413 1027 3485 beatis,

304 3518 462 3577 Ambobus
479 3518 576 3578 tribui
592 3519 675 3595 qnod
691 3518 770 3578 solet
785 3518 977 3592 obsequium.

266 3620 388 3680 Ceditur
402 3632 432 3680 et
448 3623 550 3693 caeeis,
568 3635 597 3684 et
612 3641 690 3699 qnos
705 3633 857 3700 praetenta
873 3625 1039 3695 verendos,

308 3724 457 3801 l'irgaqne
475 3743 545 3785 euin
561 3730 634 3788 verb
643 3728 671 3788 is
683 3728 856 3806 imperiosa,
874 3728 955 3789 lacit.
