2932 5002
530 387 651 444 ..ῃ-

73 518 192 596 Aspicis
207 536 224 578 a
240 520 349 580 dextra
364 519 444 579 latus
459 520 518 578 hoc
533 518 700 596 adapertile
716 519 809 580 taurii

118 627 182 685 Huc
198 625 264 697 tibi,
283 643 374 702 quem
390 627 512 703 perdes,
530 624 740 703 conjiciendus
755 626 823 686 erit.

73 729 216 790 Protinus
230 730 384 791 inclusum
397 732 491 792 lentis
506 732 691 793 carbonibus
706 749 772 803 ure3

114 835 239 913 Mugiet,
257 846 288 895 et
302 835 366 896 veri
380 852 441 895 vox
456 836 514 897 erit
530 837 580 897 illa
596 837 695 898 bovis.

72 943 131 1001 Pro
146 941 257 1017 quibus
273 940 416 1014 inventis,
435 951 469 1002 ut
483 959 596 1002 munus
611 959 739 1003 munere
753 960 876 1020 penses,

113 1049 167 1119 ba,
185 1064 309 1124 precor,
327 1048 452 1126 ingenio
465 1048 592 1125 praemia
607 1048 699 1127 digna
713 1067 794 1111 meo.

71 1153 205 1226 Dixerat;
222 1164 258 1214 at
270 1155 417 1215 Phalaris:
435 1155 537 1214 Poenae
552 1153 690 1215 mirande
704 1166 857 1233 repertor,

116 1264 183 1340 lpse
198 1274 283 1325 tuum
298 1281 436 1342 praeseus
450 1263 564 1335 imbue,
581 1263 667 1336 dixit,
685 1282 775 1342 opus.

74 1371 136 1431 Nec
153 1388 252 1443 mora,
269 1371 447 1432 monstratis
463 1371 629 1432 crudeliter
645 1371 767 1449 ignibus
781 1383 868 1433 ustus

120 1479 264 1540 Exhibuit
280 1481 426 1557 querulos
441 1496 495 1541 ore
509 1490 661 1541 tremente
676 1497 782 1542 sonus.

79 1588 157 1658 Quid
172 1588 245 1649 mihi
259 1607 329 1649 cum
345 1589 454 1650 Siculis
468 1589 549 1651 inter
562 1590 776 1669 Scythiamque
790 1591 955 1667 Getasque?

117 1698 162 1758 Ad
178 1707 219 1770 te,
237 1697 376 1774 quisquis
391 1698 417 1759 is
432 1716 477 1772 es,
494 1710 600 1760 nostra
615 1700 742 1776 querela
756 1699 846 1760 redit.

74 1804 176 1880 thue
191 1803 271 1865 sitim
287 1814 395 1865 nostro
410 1803 512 1882 possis
527 1806 653 1882 explere
668 1822 790 1876 cruore,

118 1909 296 1986 Quantaque
311 1909 367 1982 vis,
384 1909 474 1971 avido
490 1909 600 1987 gaudia
614 1911 709 1969 corde
722 1909 814 1980 ieras3

74 2016 134 2076 'iot
148 2017 227 2076 maia
241 2034 309 2077 sum
323 2015 444 2094 fugiens
458 2015 579 2087 tellure,
596 2025 643 2075 tot
656 2019 784 2091 aequore
797 2030 917 2092 passus,

117 2124 158 2183 Te
173 2141 295 2201 quoque
309 2135 344 2185 ut
358 2123 470 2185 auditis
484 2141 576 2201 posse
591 2124 697 2185 dolere
711 2133 827 2200 putem.

76 2230 174 2290 Crede
189 2231 273 2304 mihi,
291 2231 316 2292 si
331 2232 370 2293 sit
385 2231 475 2293 nobis
490 2233 621 2293 collatus
636 2233 769 2310 Ulysses,

118 2337 251 2415 Neptuni
266 2338 366 2399 minor
380 2349 440 2413 est,
458 2356 549 2415 quam
563 2340 644 2400 Jovis
658 2339 703 2399 ira
717 2340 783 2401 fuit.

77 2442 161 2519 Ergo
177 2442 355 2519 quicunque
369 2460 413 2513 es,
431 2442 610 2502 rescindere
624 2445 750 2503 vulnera
763 2444 837 2513 noli,

121 2549 227 2624 Deque
241 2547 325 2624 gravi
341 2549 434 2607 duras
450 2548 577 2606 vulnere
591 2547 665 2607 tolie
679 2564 799 2608 manus:

78 2657 180 2730 thue
193 2668 271 2711 meae
286 2652 396 2712 famam
412 2662 539 2713 tenuent
552 2651 662 2712 oblivia
677 2654 788 2730 culpae,

121 2761 194 2821 Fata
210 2759 385 2820 cicatricem
400 2761 514 2820 ducere
527 2771 633 2820 nostra
648 2759 724 2820 sine:

77 2869 290 2944 Humanaeque
304 2883 423 2927 memor
437 2865 541 2938 sortis,
559 2883 628 2943 quae
642 2866 721 2928 tollit
735 2870 871 2942 eosdem,

121 2976 157 3036 Et
171 2975 296 3053 premit;
312 2975 446 3036 incertas
461 2973 527 3053 ipse
541 2991 648 3036 verere
662 2975 754 3038 vices.

78 3081 115 3141 Et
130 3081 287 3157 quoniam,
304 3080 369 3141 fieri
384 3082 468 3158 quod
483 3099 640 3160 uunquam
654 3100 747 3160 posse
760 3085 876 3161 putavi,

120 3187 173 3247 Est
187 3186 244 3247 tibi
259 3187 405 3248 derebus
420 3187 552 3248 maxima
566 3205 640 3249 cura
655 3189 741 3261 meis;

76 3292 144 3352 Non
159 3303 208 3353 est
222 3295 307 3368 quod
320 3293 440 3354 timeas:
457 3294 591 3354 Fortuna
606 3293 776 3354 miserrima
790 3306 894 3356 nostra
910 3308 965 3358 est.

121 3399 216 3458 Omne
232 3399 325 3459 trahit
339 3415 447 3459 secum
463 3399 590 3459 Caesaris
604 3399 648 3460 ira
662 3401 786 3462 malum.

77 3506 165 3574 Quod
181 3504 277 3580 magis
292 3514 326 3564 ut
340 3504 464 3580 liqueat,
480 3523 555 3565 neve
570 3507 629 3566 hoc
644 3507 697 3568 tibi
712 3509 827 3586 fingere
843 3511 961 3584 credar,

119 3611 188 3686 lpse
203 3609 292 3670 velim
308 3627 417 3687 poenas
433 3611 593 3690 experiare
607 3629 701 3673 meas.
