2932 5002
718 386 860 448 -m—

274 528 307 586 ln
322 525 432 603 quibus
447 535 494 586 est
506 539 608 596 nemo,
626 521 755 599 quinon
773 531 915 598 coryton,
932 529 963 580 et
980 535 1098 596 arcum,

318 633 449 708 Telaque
462 630 586 708 vipereo
600 627 700 689 lurida
715 626 787 687 felie
802 636 900 704 gerat.

280 740 346 799 Vox
360 739 438 813 iera,
455 748 527 800 trux
541 737 654 810 vultus,
668 733 827 795 verissima
841 732 944 794 Martis
959 733 1071 814 imago;

321 844 386 904 Non
401 861 500 917 coma,
516 860 578 903 uon
593 844 655 903 uda
668 842 764 902 barba
779 850 897 901 resecta
912 855 1016 901 mauu:

284 951 414 1011 Dextera
428 968 491 1011 nou
506 949 608 1028 segnis
622 948 683 1009 fixo
699 950 772 1009 dare
785 949 912 1008 vulnera
927 950 1040 1022 cultro,

319 1057 416 1128 Quem
431 1057 566 1118 vinctum
580 1055 667 1117 lateri
680 1055 830 1116 barbarus
844 1054 944 1115 omnis
959 1055 1061 1118 habet.

291 1163 370 1226 Vivit
386 1164 417 1224 in
432 1164 491 1237 his,
506 1163 596 1224 eheu!
613 1174 789 1225 tenerorum
801 1161 915 1223 oblitus
929 1177 1080 1237 amorum,

331 1270 393 1330 iios
407 1269 500 1343 videt,
517 1271 574 1330 hos
588 1279 670 1330 vates
685 1267 780 1341 audit,
797 1268 906 1341 amice,
923 1268 1005 1329 tuus!

280 1377 380 1455 Atque
395 1377 515 1438 utinam
529 1377 620 1451 vivat,
637 1377 767 1438 sednon
783 1375 931 1437 moriatur
943 1376 974 1436 in
991 1376 1061 1437 illis!

329 1483 415 1544 Absit
430 1484 468 1544 ab
481 1483 585 1544 invisis
605 1493 636 1544 et
648 1493 750 1544 tamen
765 1485 875 1544 umbra
890 1482 977 1544 iocis.

280 1589 421 1650 Carmina
439 1592 529 1667 quod
541 1592 635 1668 pleno
650 1590 753 1652 saltari
767 1602 874 1652 nostra
888 1592 1021 1663 theatro,

327 1698 473 1760 Versibus
489 1710 519 1760 et
534 1700 637 1777 plaudi
652 1699 773 1773 scribis,
790 1698 899 1773 amice,
915 1698 1002 1771 meis;

287 1806 332 1867 Nil
348 1807 490 1884 equidem
505 1808 574 1882 ieci,
592 1820 626 1870 tu
641 1807 701 1870 scis
715 1810 775 1868 hoo
792 1807 869 1886 ipse,
886 1807 1023 1882 theatris

324 1915 410 1976 Musa
425 1932 484 1976 neo
503 1915 534 1975 in
549 1917 676 1993 plausus
690 1914 853 1977 ambitiosa
868 1932 936 1976 mea
950 1925 1008 1977 est.

285 2019 346 2080 Neo
362 2032 464 2081 tamen
479 2020 633 2099 ingratum
648 2032 706 2094 est,
723 2022 942 2097 quodcumque
952 2020 1063 2082 oblivia
1077 2024 1175 2084 nostri

326 2125 465 2203 Impedit,
483 2137 514 2186 et
529 2127 651 2205 profugi
665 2142 778 2187 nomeu
794 2125 825 2185 in
841 2142 895 2187 ora
911 2126 1015 2188 refert.

288 2231 430 2302 Quamvis
444 2230 610 2304 interdum,
627 2249 696 2308 quae
710 2249 760 2292 me
772 2231 889 2293 laesisse
904 2234 1059 2306 recordor,

324 2337 469 2397 Carmina
485 2339 633 2411 devoveo,
650 2336 846 2414 Pieridasque
859 2354 954 2400 meas:

282 2445 379 2516 Quum
395 2447 476 2507 bene
500 2446 617 2520 devovi,
634 2462 756 2523 nequeo
770 2457 873 2508 tamen
887 2464 956 2508 esse
970 2447 1036 2509 sine
1050 2447 1120 2520 illis,

328 2551 577 2629 Vulneribusque
592 2553 668 2614 meis
683 2555 743 2614 tela
759 2565 886 2615 cruenta
901 2570 1025 2631 sequor.

284 2658 418 2736 Quaeque
435 2661 525 2720 modo
547 2659 690 2720 Euboicis
705 2661 839 2721 lacerata
858 2671 905 2721 est
919 2661 1073 2735 fiuctibus,
1091 2662 1183 2725 aude‘t

327 2763 421 2824 Graia
437 2765 623 2842 Capheream
637 2782 764 2826 currere
778 2766 890 2844 puppis
905 2783 1025 2844 aquam.

286 2870 352 2932 Neo
367 2880 470 2931 tamen
485 2882 519 2932 ut
531 2873 638 2932 lauder
652 2871 755 2949 vigilo,
772 2888 939 2949 curamque
953 2873 1048 2934 futuri

332 2975 480 3051 Nominis,
499 2976 603 3038 utilius
618 2977 702 3054 quod
722 2977 871 3052 latuisset,
887 2995 957 3058 ago.

282 3081 408 3144 Detineo
423 3084 532 3146 studiis
549 3084 697 3157 animum,
714 3084 851 3163 falloque
866 3087 1001 3160 dolores;

238 3206 241 3212 ·
266 3238 268 3243 .
333 3189 486 3268 Experior
500 3190 583 3252 curis
598 3200 629 3252 et
643 3191 717 3252 dare
730 3192 823 3252 verba
837 3192 924 3254 meis.

295 3295 372 3366 Quid
388 3295 491 3373 potius
506 3296 614 3358 faciam
628 3297 702 3358 solis
717 3298 858 3359 desertus
870 3298 901 3357 in
917 3298 990 3371 oris,

324 3401 458 3472 Quamve
472 3403 560 3465 malis
575 3405 665 3465 aliam
680 3419 820 3481 quaerere
842 3420 938 3466 coner
954 3401 1059 3483 opem?

283 3512 353 3576 Sive
367 3514 471 3576 iocum
487 3526 606 3593 specto;
624 3518 712 3577 locus
728 3526 774 3578 est
788 3516 969 3591 inamabilis,
986 3528 1017 3578 et
1030 3535 1092 3594 quo

333 3621 409 3682 Esse
423 3622 499 3682 nihil
516 3634 581 3685 toto
597 3623 714 3687 tristius
730 3626 807 3686 orbe
824 3634 937 3703 potest:

282 3727 351 3793 Sive
366 3730 520 3808 homiues;
537 3732 588 3794 vix
602 3744 673 3796 sunt
687 3734 830 3796 homines
847 3735 907 3797 hoc
922 3733 1046 3797 nomina
1060 3734 1153 3813 digni,
