2932 5002
716 393 859 452 -t08-

633 638 816 695 EIAEGIA
833 641 903 695 nt.

276 846 388 907 Littore
400 848 438 906 ab
453 844 570 906 Euxino
584 847 712 907 Nasonis
727 847 854 925 epistola
874 847 956 919 veni,

317 954 469 1030 Lassaque
489 952 567 1012 iacta
581 952 669 1025 mari,
686 953 827 1030 lassaque
842 954 922 1013 iacta
935 953 993 1013 via.

277 1060 333 1130 Oui
349 1059 421 1119 mihi
436 1061 512 1120 ssens
526 1059 612 1121 dixit:
627 1061 683 1132 Tu,
702 1061 751 1120 cui
770 1061 853 1133 licet,
872 1061 998 1139 adspice
1013 1063 1153 1124 Romam.

317 1172 380 1232 Heu
395 1181 509 1247 quanto
525 1170 632 1231 melior
648 1188 717 1232 sors
732 1182 784 1233 tua
798 1183 882 1239 sorte
897 1188 964 1232 mea
978 1171 1036 1233 est!

276 1279 364 1339 Fiens
380 1295 503 1355 quoque
519 1295 568 1338 me
584 1278 718 1356 scripsit:
736 1296 793 1339 nee
806 1296 866 1357 qua
886 1279 1041 1358 signabar,
1062 1281 1101 1341 ad
1114 1298 1150 1341 os
1165 1291 1216 1342 est

316 1386 405 1458 Ante,
422 1387 476 1447 sed
489 1387 527 1446 ad
545 1385 680 1446 madidas
696 1403 818 1464 gemma
835 1388 931 1447 relata
946 1403 1055 1464 genas.

277 1491 418 1553 Tristitiae
432 1507 556 1552 causam
571 1491 596 1551 si
614 1491 681 1568 quis
696 1509 885 1570 cognoscere
900 1492 1021 1569 quaerit,

318 1597 442 1658 Ostendi
456 1598 552 1658 solem
565 1598 701 1675 postulat
714 1598 766 1658 iile
788 1597 856 1659 sibi:

279 1706 339 1766 Nec
350 1706 490 1766 frondem
505 1705 535 1764 in
550 1704 643 1778 silvis,
659 1722 717 1766 nec
734 1717 843 1783 aperto
859 1706 960 1766 mollia
976 1718 1066 1785 prato

318 1813 468 1886 Gramina,
487 1830 543 1874 nec
560 1815 653 1891 pleno
669 1813 794 1874 flumine
809 1814 907 1874 cernit
922 1831 1029 1890 aquas.

278 1919 354 1990 Ouid
370 1919 505 1981 Priamus
519 1921 622 1982 doleat
634 1920 795 1982 mirabitur
809 1921 939 1982 Hectore
953 1935 1054 1998 rapto,

319 2024 433 2097 Quidve
445 2025 626 2087 Philoctetes
638 2025 718 2087 ictus
733 2028 772 2086 ab
787 2044 888 2105 angue
906 2018 1018 2104 gemat.

280 2130 314 2190 nt
329 2131 464 2192 tacerent
479 2132 595 2193 utinam
610 2132 678 2193 talis
693 2143 790 2193 status
805 2143 887 2194 esset
902 2133 933 2191 in
948 2132 1014 2204 iilo,

324 2241 362 2300 Ut
379 2256 441 2299 non
460 2239 590 2301 tristitiae
605 2256 697 2300 causa
715 2241 847 2302 dolenda
863 2242 954 2303 soret.

284 2345 353 2406 Fert
365 2355 479 2418 tamen,
495 2355 529 2406 ut
542 2346 644 2418 debet,
660 2362 750 2407 casus
765 2346 916 2424 patienter
930 2364 1063 2420 amar0s;

321 2456 405 2515 More
421 2471 478 2515 uec
492 2452 631 2515 indomiti
646 2455 741 2516 fraena
755 2468 878 2517 recusat
892 2457 974 2533 equi.
1001 2434 1002 2437 Ἴ

282 2563 342 2623 Nec
359 2561 426 2622 fore
439 2571 620 2640 perpetuam
635 2573 739 2640 sperat
753 2563 810 2625 sihi
824 2564 957 2625 numinis
971 2564 1059 2636 iram;

321 2667 467 2729 Conscius
481 2667 511 2727 in
526 2669 616 2746 culpa
632 2685 694 2729 non
708 2672 808 2730 scelus
823 2687 892 2730 esse
906 2659 972 2731 sua.

281 2776 368 2852 Saepe
381 2774 485 2843 refert,
502 2774 540 2837 sit
554 2786 668 2851 quanta
683 2774 732 2836 dei
747 2776 920 2837 clementia:
943 2776 1033 2853 cujus

321 2881 359 2941 Se
371 2897 494 2958 quoque
508 2880 537 2939 in
554 2881 702 2958 exempiIs
719 2898 921 2942 annumerare
936 2883 1025 2944 solet.

282 2990 355 3050 Nam
371 2990 453 3066 quod
469 3007 545 3067 opes
560 2998 662 3050 teneat
677 2990 802 3067 patrias,
819 2991 903 3066 quod
917 2990 1040 3052 nomina
1055 2991 1140 3063 ciris,

323 3098 458 3176 Denique
472 3099 555 3175 quod
568 3097 658 3171 vivat,
674 3115 786 3159 munus
801 3100 914 3159 habere
928 3098 991 3160 Dei.

282 3207 324 3267 Te
338 3218 451 3280 tamen,
464 3205 494 3266 0!
511 3203 622 3282 siquid
637 3204 737 3265 credis
752 3204 835 3277 mihi,
853 3205 954 3266 carior
969 3206 1019 3266 iiie

322 3312 478 3384 Omnibus,
494 3311 524 3370 in
541 3320 605 3372 toto
618 3320 745 3389 pectore
761 3328 883 3389 semper
897 3312 999 3372 hahet.

281 3421 383 3496 Teque
396 3415 609 3489 Menoetiaden,
625 3426 656 3477 te
669 3417 721 3494 qui
736 3417 890 3478 comitavit
904 3417 1042 3490 Oresten,

322 3527 363 3585 Te
377 3532 467 3585 vocet
480 3522 619 3600 AEgiden,
636 3524 861 3600 Euryalumque
879 3541 979 3586 suum.

281 3634 342 3694 Nec
356 3631 485 3710 patriam
499 3630 595 3710 magis
612 3630 662 3692 ille
676 3647 763 3693 suam
778 3631 942 3705 desiderat,
959 3644 990 3694 et
1005 3650 1074 3711 quae

323 3737 453 3800 Plurima
468 3754 537 3802 cum
552 3737 649 3817 patria
663 3737 756 3800 sentit
769 3740 878 3801 abesse
892 3755 959 3815 sua3
