2932 5002
707 383 850 448 400.-

305 519 365 579 Sed
379 532 503 597 precor,
520 526 554 578 ttt
567 514 684 594 possim
695 515 794 578 tutius
808 528 877 579 esse
887 513 1008 577 misser.

635 722 821 789 ΕΙιΕΕΙΔ
840 730 921 789 ΙΙΙ.

254 940 307 1000 1113
321 939 386 1002 dies
400 942 466 1002 baec
480 952 538 1013 331,
554 957 615 1017 qun
628 951 659 1002 te
680 942 838 1002 celebrare
849 950 965 1018 poetae,

300 1047 330 1108 Si
343 1049 436 1110 modo
450 1065 512 1109 non
527 1048 636 1110 1311331
657 1052 809 1126 tempora,
824 1048 954 1118 Bacche.
971 1038 1087 1111 solent:

258 1151 405 1230 Fessaque
415 1153 552 1215 odoratis
568 1153 731 1215 innectunt
746 1162 886 1230 tempora
902 1152 1006 1225 sertis,

300 1260 337 1320 lit
350 1259 570 1324 dicuntlaudes
584 1262 623 1322 ad
640 1272 693 1323 tua
707 1261 778 1322 vina
793 1271 877 1323 tuas.

260 1367 341 1428 inter
355 1384 433 1444 quos
444 1367 580 1441 memini,
599 1368 674 1428 dum
689 1382 738 1427 me
755 1382 823 1428 mea
837 1366 899 1428 sote
913 1366 1066 1441 sinebant,

307 1475 374 1535 Non
387 1475 484 1537 invisa
500 1475 556 1537 tibi
574 1490 651 1553 pars
665 1491 724 1553 eqo
739 1490 823 1552 saepe
836 1474 891 1535 iui:

262 1582 356 1652 Quem
369 1599 451 1643 nuno
465 1582 664 1660 subpositum
682 1582 780 1644 stellis
794 1581 1002 1660 Cynosuridos
1015 1583 1101 1647 dne

301 1690 411 1750 iuncta
425 1700 510 1752 tenet
524 1691 633 1753 crudis
648 1691 796 1753 Sarmatis
810 1706 867 1752 ora
883 1688 977 1753 Getis.

261 1795 378 1873 Quique
393 1796 482 1874 prius
500 1799 628 1859 mollem
643 1810 833 1875 vacuamque
847 1789 1004 1859 laboribus
1017 1798 1067 1877 egi

302 1905 336 1963 ln
351 1903 459 1966 studiis
474 1903 581 1978 vitam,
597 1904 813 1981 Pieridumque
827 1902 936 1976 chor03

267 2012 353 2073 Nunc
367 2014 477 2092 procul
493 2032 511 2075 a
528 2014 627 2092 patria
641 2013 752 2075 Geticis
767 2013 981 2075 circumsonor
993 2013 1096 2086 nemim

310 2121 402 2180 Multa
416 2119 503 2196 prius
517 2122 644 2198 pelago,
661 2122 818 2197 multaque
832 2132 942 2198 passus
956 2121 1062 2193 bolom

267 2225 338 2286 Sive
353 2224 427 2284 mihi
442 2242 545 2298 casus,
564 2225 629 2285 sire
643 2224 703 2287 boc
717 2226 802 2287 dedit
815 2225 859 2287 ira
872 2227 1016 2288 Deorum:

312 2333 421 2395 Nubila
434 2333 576 2394 nascenti
591 2349 645 2394 sou
659 2331 732 2394 mibi
746 2335 840 2394 Parca
853 2334 919 2396 luit.

270 2443 315 2503 Tu
329 2452 433 2504 tamen
449 2458 466 2503 e
482 2441 581 2503 sacris
596 2443 718 2504 hederae
733 2442 903 2505 cultoribus
916 2452 1012 2505 unttm

308 2549 438 2609 Numine
454 2549 606 2610 debueras
624 2549 806 2611 sustinuisse
819 2556 883 2610 tuo.

268 2657 315 2717 An
330 2658 466 2719 dominae
481 2657 533 2718 1311
550 2657 702 2735 quidquid
716 2657 856 2719 cecinere
870 2670 1005 2731 sorores,

316 2765 412 2824 Omne
432 2765 491 2825 sud
506 2764 636 2826 arbitrio
650 2764 762 2825 desinit
775 2781 844 2825 esse
857 2764 924 2825 liei?

270 2884 345 2946 1pse
360 2882 486 2946 qnoque
499 2872 651 2933 aethereas
666 2869 783 2931 meritis
800 2869 939 2932 invectus
953 2887 986 2932 es
1000 2886 1099 2946 urcem

318 2975 382 3047 Qua
396 2993 459 3038 non
475 2977 589 3057 exiguo
603 2978 684 3038 facta
699 2979 806 3039 labore
817 2977 864 3038 tia
877 2986 934 3039 est.

266 3082 327 3144 Nec
341 3084 443 3162 patria
458 3095 507 3146 est
523 3084 659 3146 habitata
677 3084 744 3146 tibi:
761 3084 816 3146 sed
830 3084 868 3146 ad
882 3092 981 3162 usque
994 3083 1134 3147 nivosum

312 3195 478 3272 Strymona-
490 3193 613 3268 venisti,
629 3194 880 3271 Marticolamque
894 3195 999 3268 Geten3

269 3278 467 3378 Persidaque,
485 3311 517 3362 et
531 3300 594 3361 lato
609 3299 797 3378 spatiantem
810 3299 935 3361 llumine
948 3301 1083 3380 Gangen,

309 3406 349 3466 lit
369 3422 585 3483 quascumque
600 3406 680 3468 bibit
696 3405 831 3468 discolor
845 3401 937 3467 lndus
950 3419 1055 3483 aquas.

271 3511 395 3574 Scilicet
410 3514 490 3574 banc
505 3513 617 3592 legem,
634 3524 745 3574 nentes
760 3512 861 3574 1313113
876 3514 979 3574 Parcae

316 3617 461 3691 Stamina,
480 3618 528 3681 bis
543 3620 648 3698 genito
666 3618 714 3681 bis
727 3619 869 3681 33313313
883 3618 947 3681 tibi.

271 3722 318 3785 bie
333 3739 467 3801 quoque,
484 3725 510 3786 si
525 3727 569 3787 sas
584 3737 632 3788 331
646 3726 796 3804 exemptio
810 3726 856 3789 ire
868 3727 1010 3798 deorum,
