2932 5002
718 381 838 441 ..50-

266 510 338 582 Quae
353 509 378 571 ei
396 528 458 571 non
476 520 568 582 esset,
587 510 700 570 caelebs
720 519 750 570 te
765 508 824 569 vila
840 509 974 579 deceret,-

304 619 462 696 anlaque,
482 618 531 679 cui
547 636 656 697 posses
672 635 741 679 esse
764 618 903 689 maritus,
926 628 1003 685 erat:

265 725 385 803 Sospite
402 724 446 786 sic
463 735 492 785 te
510 725 548 786 sit
565 737 655 786 natus
670 742 794 803 quoqne
812 742 931 802 sospes:
948 735 979 784 ct
994 723 1066 783 olim

307 831 471 909 imperium
486 841 572 909 regat
587 833 645 892 hoc
664 848 734 891 cum
750 830 871 891 seniore
886 847 992 899 senex:

266 939 364 1015 thue
375 940 418 999 tui
432 939 558 1011 iaciunt,
575 938 659 1000 sidus
675 938 821 1015 juvenile,
838 950 979 1015 nepotes,

308 1043 365 1105 Per
378 1055 430 1105 tua
446 1063 563 1123 perque
578 1045 625 1106 sui
642 1046 722 1105 lacta
741 1045 876 1121 parennis
891 1056 976 1104 cant:

268 1149 315 1210 Sic
332 1161 453 1213 assueta
464 1152 524 1212 tuis
539 1168 660 1229 semper
671 1149 798 1232 victoria
819 1150 929 1212 castris

308 1256 393 1318 Nunc
410 1275 533 1335 quoque
546 1275 580 1319 se
599 1268 737 1335 praestet,
757 1269 892 1333 notaque
907 1257 993 1334 signa
1007 1266 1103 1334 petat:

266 1363 495 1440 Ausoniumque
509 1365 619 1424 ducem
633 1362 730 1424 solitis
745 1362 946 1423 circumvolet
959 1362 1030 1433 alis,

309 1472 405 1532 Ponat
419 1482 449 1531 et
463 1470 494 1529 in
509 1470 603 1531 nitida
617 1472 721 1531 laurea
739 1480 821 1530 serta
841 1486 943 1541 coma:

268 1578 326 1639 Per
339 1593 431 1654 quem
444 1577 524 1637 bella
535 1577 628 1654 geris,
645 1577 734 1653 cujus
751 1593 833 1636 nunc
848 1593 979 1653 corpore
995 1595 1125 1655 pugnas,

309 1686 485 1764 Auspicium
505 1686 554 1748 oui
568 1687 623 1746 das
639 1688 765 1764 grande,
786 1687 922 1763 deosque
941 1696 1022 1760 tuos,

269 1792 459 1869 Dimidioque
473 1791 517 1853 tui
532 1809 669 1870 praesens
683 1810 728 1866 es,
745 1804 776 1854 et
790 1792 924 1870 adspicis
939 1795 1059 1864 urbem,

310 1903 438 1965 Dimidio
457 1905 567 1982 procul
578 1921 623 1978 es,
640 1921 782 1982 saevaque
800 1905 882 1967 bella
894 1906 988 1983 geris:

270 2008 322 2070 ilie
337 2009 392 2069 dni
406 2009 450 2070 sic
467 2011 574 2070 redeat
589 2022 734 2088 superato
749 2009 847 2072 victor
862 2011 901 2070 ab
924 2012 1026 2082 hoste,

313 2120 407 2195 Inque
422 2120 578 2182 coronalis
593 2121 708 2198 fulgeat
722 2122 803 2182 altus
819 2121 917 2197 equis:

271 2224 376 2297 Parce,
390 2241 513 2303 precor:
529 2225 706 2301 fulmenque
720 2236 818 2296 tuum,
836 2225 899 2284 iera
915 2226 986 2296 tela,
1004 2229 1149 2299 reconde,

313 2331 388 2392 Heu!
404 2331 531 2392 nimium
545 2330 658 2392 misero
674 2330 796 2409 cognita
811 2330 870 2391 tela
884 2329 970 2390 mihi!
1078 2315 1081 2320 ’

271 2442 375 2515 Parce,
393 2452 481 2520 pater
497 2440 616 2518 patriae:
629 2457 686 2501 nec
701 2439 834 2500 nominis
850 2438 1013 2502 immemor
1029 2443 1124 2518 hujus

314 2552 390 2613 Olim
404 2549 547 2630 placandi
562 2567 649 2629 spem
663 2549 737 2610 mihi
753 2550 828 2611 tolle
844 2550 900 2611 tui.

273 2661 339 2723 Non
355 2677 467 2738 precor
481 2671 516 2722 ut
529 2663 663 2722 redeam:
685 2661 825 2739 quambis
844 2662 962 2739 majora
976 2663 1080 2739 petitis

315 2765 465 2826 Credibile
479 2776 526 2826 est
540 2782 668 2844 magnos
686 2782 771 2843 saepe
785 2766 906 2826 dedisse
921 2768 1006 2827 deos.

275 2873 376 2936 Mitius
392 2871 532 2933 exsilium
549 2870 575 2932 si
593 2871 658 2943 das,
677 2870 867 2950 propiusque
885 2873 1017 2950 roganti,

316 2982 389 3041 Pars
406 2979 496 3042 erite
510 2995 603 3057 poena
623 2995 732 3057 magna
749 2981 847 3041 levata
864 2998 942 3042 mea.

275 3083 384 3150 Ultima
397 3084 566 3164 perpetior,
585 3085 702 3146 medios
717 3087 834 3161 ejectus
848 3087 879 3145 in
894 3088 1010 3149 hostes:

314 3196 375 3256 Nec
390 3194 551 3273 qnisquam
566 3192 664 3270 patria
682 3193 804 3271 longius
819 3195 907 3256 exsul
922 3197 1020 3257 abest.

275 3302 364 3364 Solus
378 3302 417 3361 ad
432 3316 577 3377 egressus
592 3299 703 3360 missus
721 3300 928 3379 septemplicis
945 3302 1024 3373 isui,

317 3406 484 3468 Parrhasiae
498 3405 600 3484 gelido
614 3406 744 3484 Virginis
759 3423 816 3468 axe
833 3424 970 3485 premor.

278 3519 413 3596 lazyges,
431 3527 462 3578 et
475 3516 590 3588 Colchi,
609 3517 802 3593 Metereaque
816 3519 917 3590 turba,
938 3519 1092 3594 Getaeque,

319 3616 446 3685 Danubii
461 3623 568 3686 mediis
581 3624 632 3684 uix
650 3623 852 3701 prohibentur
868 3625 967 3702 aquis.
1049 3668 1052 3673 -

278 3731 418 3808 Cumque
432 3730 483 3791 alii
498 3731 552 3790 tihi
564 3731 624 3791 sint
639 3747 730 3792 causa
745 3731 884 3806 graviore
901 3728 1006 3805 iugari,
