2932 5002
725 365 846 425 ..81-

265 497 396 574 Altaque
411 497 551 558 velentur
561 497 692 559 fortasse
706 499 818 575 palatia
832 500 933 573 sertis,

307 603 509 680 Thuraquein
524 603 594 683 igne
605 617 728 678 sonent,
744 605 941 684 inficiantque
957 607 1048 681 diem;

262 712 468 788 Candidaque,
485 713 616 774 adducta
631 714 745 774 collum
759 731 905 793 pereussa
918 716 1019 777 securi

307 813 437 877 Victima
449 835 607 895 purpureo
620 819 769 898 sanguine
784 821 881 898 tingat
894 822 1033 895 humum;

268 927 415 1002 Donaque
430 926 599 986 amicorum
611 927 733 1005 templis
745 927 895 1005 promissa
910 929 1037 990 deorum

304 1035 444 1094 Reddere
458 1034 590 1095 victores
605 1035 708 1095 Caesar
722 1046 852 1114 uterque
866 1047 988 1114 parent:

263 1138 299 1201 m
314 1141 367 1218 qui
381 1141 520 1202 Caesareo
531 1145 661 1219 juvenes
677 1145 734 1204 sub
750 1144 873 1205 nomine
892 1156 1047 1216 creseunt,

307 1251 459 1325 Perpetuo
475 1262 572 1311 terras
587 1262 621 1311 ut
636 1253 746 1312 domus
764 1251 822 1312 ista
835 1262 933 1330 regat:

266 1355 402 1431 Cumque
416 1356 505 1416 bunis
520 1356 647 1417 nuribus
661 1375 719 1434 pro
734 1357 849 1434 sospite
863 1357 942 1418 Livia
956 1368 1028 1420 nato

310 1461 435 1521 Munera
449 1463 501 1522 det
520 1463 647 1534 meritis,
665 1479 747 1539 saepe
764 1464 883 1536 datura,
900 1462 976 1524 deis:

265 1568 568 1646 amarmurmulus,
586 1581 616 1630 et
633 1586 703 1646 quae
718 1569 784 1630 sine
798 1570 925 1632 erimine
940 1582 1042 1632 castos

310 1675 459 1752 Perpetua
474 1686 596 1736 servant
611 1675 781 1753 virginitate
795 1675 893 1738 focos.

271 1781 361 1842 Plebs
375 1782 435 1859 pia,
452 1799 583 1859 cumque
597 1782 646 1862 pia
661 1784 804 1845 laetentur
817 1785 909 1862 plebe
922 1796 1059 1846 senatus:

308 1889 462 1964 Parvaque
477 1890 566 1965 cujus
581 1906 664 1949 eram
679 1906 751 1966 pars
766 1906 824 1968 ego
839 1908 949 1968 nuper,
966 1907 1071 1966 eques.

263 1994 323 2054 Nos
337 1996 446 2071 procul
461 1996 607 2072 expulsas
624 1995 797 2056 eommunia
812 1996 922 2075 gaudia
936 1996 1056 2069 fallunt,

306 2103 456 2180 Famaque
471 2114 534 2163 tam
548 2105 640 2182 longe
656 2121 718 2163 nan
733 2103 791 2163 nisi
805 2121 900 2181 parva
915 2103 1009 2165 venit.

268 2212 348 2290 Ergo
364 2211 462 2273 omnis
477 2213 590 2290 polerit
604 2214 738 2291 populus
753 2223 893 2290 spectare
906 2213 1090 2291 triumphas,

306 2321 442 2398 Cumque
456 2322 569 2382 dueum
584 2322 680 2383 titulis
695 2321 807 2399 oppida
822 2330 911 2398 capta
924 2323 1016 2400 leget,

267 2427 433 2504 Vinclaque
448 2429 567 2504 captiva
581 2445 670 2505 reges
686 2428 805 2488 cervice
819 2438 972 2504 gerentes,

306 2535 384 2593 Ante
399 2544 565 2594 coronatos
579 2533 624 2592 ire
636 2532 750 2593 videbit
764 2549 871 2608 equas:

260 2642 297 2698 Et
312 2649 418 2698 cernet
431 2639 533 2698 rullus
546 2636 612 2698 aliis
627 2655 685 2715 pra
701 2647 839 2715 tempore
853 2655 971 2712 versos,

307 2743 471 2805 Terribiles
485 2744 551 2804 aliis
565 2744 822 2821 immemoresque
833 2745 891 2806 sui:

259 2855 392 2924 Quorum
405 2871 478 2932 pars
493 2870 612 2927 causas,
629 2865 660 2914 et
674 2871 735 2927 res,
752 2865 783 2915 et
797 2854 921 2916 nomina
931 2867 1060 2933 quaereu

303 2961 376 3022 Pars
391 2962 514 3034 reseret,
533 2961 798 3039 quamvisnoveril
811 2961 877 3040 ipsa
891 2980 1012 3041 parum:

260 3065 323 3138 llic,
340 3066 392 3143 qui
405 3066 529 3128 Sidonia
543 3068 642 3146 fulget
655 3068 794 3129 sublimis
809 3068 841 3127 iu
856 3080 954 3142 ostra,

301 3177 369 3236 Dux
382 3176 483 3237 lu'erat
496 3177 581 3238 belli:
600 3178 761 3255 proximus
775 3178 826 3238 ille
841 3179 922 3239 duri.

257 3282 321 3356 llic,
338 3282 388 3359 qui
400 3301 483 3343 nune
499 3283 530 3342 iu
544 3286 639 3344 huma
654 3287 758 3345 lumen
772 3285 950 3345 miserabile
965 3285 1042 3362 figit,

299 3389 365 3448 Nou
379 3387 438 3448 ista
453 3389 552 3461 vultu,
569 3406 663 3464 quum
678 3389 746 3449 tulit
760 3405 858 3462 arma,
873 3388 945 3451 suit.

258 3496 313 3556 llle
325 3496 423 3566 ferox,
440 3495 539 3554 oeulis
554 3506 585 3555 el
599 3497 700 3556 adhue
714 3496 880 3558 hostilibus
895 3498 1018 3571 ardens,

304 3603 450 3662 llorlator
464 3618 576 3679 pugnae
587 3602 809 3679 consiliumque
823 3603 889 3664 luit.

259 3709 398 3770 Perfidus
413 3708 462 3770 hic
476 3719 599 3772 nostros
614 3710 737 3772 inclusit
752 3710 861 3774 fraude
875 3713 1026 3788 locorum,
