2932 4996
508 407 627 471 ...45-

94 530 227 615 Hospitis
241 534 311 616 igne
325 539 402 599 duas
416 537 580 601 incaluisse
595 540 683 602 deas?

53 645 148 703 Omne
162 661 259 721 genus
274 643 379 722 scripti
394 644 543 722 gravitate
558 645 708 723 tragoedia
724 643 829 715 vincit;

95 749 165 808 llaec
181 766 303 825 quoque
318 749 475 810 materiam
491 767 613 827 semper
627 750 740 811 amoris
764 751 870 811 hahet.

54 856 128 916 Nam
142 855 216 932 qnid
230 856 260 914 in
275 856 438 935 Hippolyto
452 868 511 930 est,
528 857 585 919 nisi
600 874 693 919 caecae
708 857 830 918 damma
844 855 1001 917 novercae?

97 963 210 1024 Nobilis
225 974 271 1025 est
286 964 402 1026 Canace
417 965 520 1027 fratris
534 983 639 1026 amore
653 964 711 1026 sui.

57 1069 147 1141 Quid?
160 1088 222 1131 non
235 1071 407 1133 Tantalides
421 1072 554 1150 agitante
569 1071 718 1149 Cupidine
732 1088 842 1132 currus

100 1178 225 1239 Pisaeam
239 1179 376 1257 Phrygiis
390 1180 472 1241 vexit
486 1181 622 1241 eburnus
637 1178 739 1255 equis?

58 1282 199 1361 Tingeret
211 1294 246 1344 ut
259 1285 375 1344 serrum
390 1295 532 1346 natorum
547 1283 695 1360 sanguine
711 1293 819 1353 mater,

103 1389 245 1451 Concitus
258 1406 277 1450 a
290 1391 366 1451 laeso
379 1389 451 1451 iecit
465 1406 569 1451 amore
584 1390 684 1449 dolor.

61 1495 142 1556 Fecit
155 1513 241 1556 amor
256 1495 372 1556 subitas
384 1497 525 1557 volucres
553 1510 626 1557 cum
640 1494 749 1572 pellice
761 1512 878 1572 regem,

103 1605 236 1680 Quaeque
250 1620 340 1664 suum
354 1604 439 1681 luget
453 1620 535 1664 nunc
550 1618 673 1680 quoque
688 1613 785 1666 mater
798 1603 874 1680 Ityn.

64 1713 93 1772 si
104 1730 166 1773 non
179 1713 313 1790 AEropen
324 1712 418 1773 irater
431 1713 598 1775 sceleratus
613 1722 756 1782 amasset,

106 1822 235 1883 Aversos
249 1821 323 1882 solis
338 1840 402 1882 non
416 1822 590 1899 legeremus
603 1826 714 1898 equos:

65 1927 159 2005 Impia
173 1944 231 1987 nec
242 1926 376 2004 tragicos
391 1926 542 2002 tetigisset
554 1927 654 2002 Scylla
667 1929 849 2000 cothurnos,
907 1931 911 1937 '

106 2032 140 2092 Ni
151 2031 282 2110 patrium
297 2031 413 2093 crinem
427 2031 617 2093 desecuisset
629 2048 727 2093 amor.

68 2143 122 2212 Qui
136 2141 211 2219 legis
224 2142 365 2202 Electran
380 2151 411 2200 et
424 2151 566 2219 egentem
585 2141 696 2203 mentis
711 2143 850 2216 Oresten,

108 2247 222 2325 AEgysti
238 2245 353 2307 crimen
371 2245 622 2325 Tyndaridosque
637 2248 725 2325 legis.

67 2353 139 2414 Nam
154 2353 227 2430 quid
242 2353 280 2414 de
294 2352 404 2414 tetrico
418 2352 550 2414 referam
567 2353 719 2415 domitore
734 2356 902 2429 Chimaerae,

112 2459 207 2532 Quem
223 2459 305 2519 letho
321 2458 413 2518 fallax
426 2456 548 2535 hospita
563 2474 652 2535 paene
667 2457 764 2520 dedit?

70 2567 146 2638 Quid
161 2568 270 2642 loquar
284 2565 482 2626 Hermionen?
497 2566 570 2641 qnid
592 2576 633 2638 te,
651 2567 810 2628 Schoeneia
823 2568 923 2645 uirgo,

113 2676 226 2751 Teque,
243 2674 399 2750 Mycenaeo
414 2673 545 2735 Phoebas
558 2683 658 2734 amata
672 2673 757 2735 duci?
799 2676 802 2683 '
891 2678 894 2683 '

71 2782 148 2855 Quid
162 2784 296 2854 Danaen,
313 2780 469 2858 Danaique
483 2796 593 2854 nurus,
609 2783 796 2860 Matremque
811 2785 903 2861 Lyaei?

116 2889 333 2965 Haemonaque,
351 2891 702 2965 etnoetesqnaecn‘iere
718 2889 816 2949 duret

77 2994 153 3067 Quid
167 3010 315 3072 generum
329 2992 433 3056 Peliae?
444 2992 520 3069 quid
532 2993 662 3055 Thesea?
691 2993 802 3070 quidve
821 2996 980 3075 Pelasgum

121 3102 243 3166 lliacnm
259 3102 358 3181 tetigit
371 3101 423 3180 qui
438 3113 505 3165 rate
518 3103 637 3180 primus
651 3104 793 3164 humum?
808 3106 811 3111 '

79 3211 143 3271 lluc
158 3210 231 3282 lole,
247 3209 414 3286 Pyrrhique
427 3225 552 3284 parens,
568 3210 628 3270 huc
643 3208 780 3271 llereulis
795 3226 885 3281 uxor,

122 3319 186 3378 llue
200 3318 326 3377 accedat
339 3317 439 3393 llylas,
456 3317 625 3394 Iliadesque
639 3334 728 3394 puer.

82 3426 232 3500 Tempore
247 3421 381 3493 deficiat,
397 3422 532 3499 tragicos
545 3422 572 3482 si
585 3439 756 3500 persequar
767 3422 868 3499 ignes,

125 3528 242 3605 Vixque
257 3542 345 3589 meus
358 3525 459 3604 capiet
471 3526 596 3589 nomina
612 3528 695 3589 nuda
709 3527 798 3587 liher.

83 3638 136 3698 Est
151 3645 182 3695 et
195 3633 226 3693 in
241 3634 407 3694 obscoenos
421 3632 542 3695 deflexa
557 3630 706 3708 tragoedia
722 3631 815 3703 risus,
869 3637 873 3645 '

126 3741 283 3818 Multaque
294 3737 443 3820 praeteriti
456 3737 549 3801 uerita
564 3735 693 3814 pudoris
707 3737 810 3801 hahet.
