2932 5002
715 371 856 432 -tlo-

277 508 409 585 Quaeque
425 508 519 567 semel
536 516 602 567 toto
613 505 706 567 vestis
720 506 793 567 milri
811 505 942 568 sumitur
955 523 1055 581 anno,

316 619 460 679 Sumatur
477 616 546 677 latis
560 615 695 677 discolor
709 617 777 677 alba
792 616 878 677 meis:

276 723 395 800 Araque
412 722 570 800 gramineo
585 721 689 784 viridis
707 723 746 785 de
764 722 880 800 cespite
894 722 956 794 fiat,

318 833 355 894 Et
369 833 448 894 velet
462 832 583 910 tepidos
601 848 680 893 nexa
698 847 813 892 corona
830 831 927 892 socos.

278 941 320 998 Da
338 939 411 998 mihi
427 940 527 1012 thura,
542 955 632 1017 puer,
650 938 780 1017 pingues
794 937 933 998 facientia
947 938 1097 1008 flammas,

321 1047 469 1125 Quodque
488 1047 540 1125 pio
556 1049 657 1107 lusum
672 1046 780 1107 stridat
794 1045 823 1105 in
836 1045 906 1123 igne
920 1062 1050 1108 merum.

280 1153 397 1230 Optime
412 1154 531 1226 natalis,
548 1153 686 1230 quamvis
700 1153 809 1230 procul
824 1153 981 1224 absumus,
998 1162 1073 1230 opto

319 1260 470 1321 Candidus
486 1261 546 1320 huc
562 1259 676 1331 venias,
692 1256 912 1333 dissimilisque
926 1274 1007 1319 meo:

279 1365 371 1442 Sique
386 1367 470 1443 quod
487 1366 619 1427 instabat
634 1365 768 1426 dominae
785 1362 957 1425 miserabile
971 1365 1093 1436 vulnus,

321 1474 365 1534 Sit
381 1472 541 1550 perfuncta
557 1471 632 1531 meis
648 1481 768 1548 tempus
783 1469 813 1529 in
832 1487 922 1530 omne
939 1470 1036 1532 malis:

280 1582 415 1658 Quaeque
429 1579 513 1658 gravi
531 1596 631 1655 nuper
646 1578 717 1655 plus
732 1594 823 1654 quam
838 1587 981 1654 quassata
996 1579 1132 1655 procella
1146 1590 1210 1652 est,

324 1691 411 1762 Quod
426 1698 580 1767 superest,
595 1696 695 1748 tutum
712 1703 768 1764 per
789 1703 873 1747 marc
891 1686 975 1748 navis
991 1698 1050 1750 eat.

282 1797 335 1857 llla
350 1797 455 1868 domo,
472 1804 604 1871 nataque
623 1809 699 1865 sua,
716 1791 876 1870 patriaque
889 1792 1018 1853 fruatur:

323 1905 435 1980 Erepta
450 1902 516 1962 haec
532 1900 584 1962 uni
599 1901 638 1962 sit
653 1900 726 1961 satis
741 1916 810 1961 esse
825 1898 908 1961 mihi.

283 2012 440 2083 Quatenus
455 2022 486 2072 ct
502 2027 565 2071 non
581 2021 628 2071 cst
644 2010 674 2068 in
689 2026 762 2069 caro
777 2009 911 2086 conjuge
924 2008 1009 2080 felix,

326 2121 401 2179 Pars
415 2118 485 2179 vitae
500 2118 578 2180 tristi
598 2128 710 2179 caetera
727 2119 810 2179 nube
828 2129 925 2178 vacet.

283 2226 378 2300 Vivat,
399 2236 541 2302 ametque
559 2226 670 2299 sirum,
688 2228 828 2303 quoniam
845 2226 888 2288 sic
907 2227 1038 2304 cogitur,
1057 2227 1189 2302 absens

327 2333 555 2408 Consnmatquc
571 2347 682 2404 annos,
703 2333 758 2392 sed
776 2332 932 2405 diuturna,
952 2349 1038 2394 suos.

285 2437 457 2516 adjicerem
474 2447 505 2497 et
523 2447 660 2499 nostros:
675 2438 730 2498 sed
742 2455 782 2498 ne
799 2438 939 2515 contagia
954 2438 1007 2499 lati

328 2547 541 2624 corrumpant,
560 2545 664 2618 timeo,
681 2563 758 2622 quos
773 2546 835 2624 agit
852 2545 928 2623 ipsa,
949 2545 1020 2607 mei.

286 2653 332 2714 Nil
354 2651 470 2713 homini
484 2663 604 2713 certum
619 2662 677 2714 est:
693 2653 843 2730 fieritquis
853 2667 945 2730 posse
961 2662 1095 2730 putaret,

328 2765 366 2824 Ut
380 2762 513 2821 iacerem
528 2761 558 2820 in
574 2762 683 2825 mediis
698 2762 764 2822 baec
779 2779 838 2840 ego
854 2778 941 2823 sacra
959 2761 1060 2823 Getis‘l

289 2867 431 2945 Adspice,
448 2881 481 2931 ut
501 2884 575 2930 aura
590 2880 691 2929 tamen
709 2869 809 2929 fumos
828 2886 845 2929 e
860 2870 951 2929 thuro
965 2878 1093 2930 coortos

333 2976 366 3034 ln
380 2986 483 3053 partes
497 2977 598 3050 ltnlas,
620 2985 652 3036 et
665 2976 734 3035 loca
752 2976 860 3037 dextra
877 2975 965 3036 ierat.

294 3082 408 3142 Sensus
422 3081 502 3143 inest
516 3081 609 3160 igitur
626 3080 756 3153 nebulis,
776 3099 851 3158 quas
870 3081 964 3159 exigit
976 3081 1073 3160 ignis:

335 3186 500 3248 Consilium
517 3187 637 3265 lugiunt
651 3197 762 3248 caetera
779 3204 869 3265 paene
884 3203 1000 3248 meum.

296 3294 442 3368 Consilio,
462 3312 624 3355 commune
639 3311 760 3355 sacrum
776 3312 870 3371 quum
887 3295 939 3356 liat
953 3294 985 3354 in
1003 3310 1055 3356 ara

336 3402 504 3476 Fratribus,
523 3404 640 3464 alterna
656 3404 708 3479 qui
722 3403 841 3482 periere
857 3420 960 3477 manu,
988 3440 989 3444 =

295 3512 363 3588 lpsa
378 3513 435 3574 sibi
449 3512 579 3586 discors,
600 3523 745 3590 tanquam
760 3515 923 3574 mandetur
936 3514 975 3575 ab
990 3512 1063 3584 illis,

338 3622 492 3683 Scinditur
504 3623 535 3683 in
555 3634 658 3702 partes
674 3633 740 3684 atra
755 3623 855 3684 saville
871 3625 958 3686 duas.

301 3725 376 3799 lloc,
390 3728 522 3801 memini,
544 3729 774 3805 quondamiieri
786 3747 848 3790 non
865 3746 954 3807 posse
981 3729 1144 3804 loquebar,
