2932 5002
722 354 843 413 ..40-

269 482 339 553 Quis
353 485 441 544 locus
456 493 503 544 est
517 483 639 561 tcmplis
653 485 826 562 arigustior‘l
841 487 906 544 baec
922 500 1046 561 quoque
1062 483 1135 544 vitet

313 594 346 652 ln
361 594 484 670 culpam
499 592 523 653 si
538 609 599 670 qua
614 610 647 654 es
662 592 820 670 ingeniosa
835 609 932 652 suam.

271 699 346 757 Curn
361 699 480 758 stctcrit
493 699 575 759 lovis
589 700 667 771 aede,
684 698 765 759 lovis
780 709 941 759 succurret
955 697 986 756 in
1001 699 1068 758 aede

314 807 409 877 Quam
425 807 536 866 inultas
550 817 664 865 inatres
678 805 786 865 lecerit
800 806 850 864 ille
865 807 952 866 deus.

255 910 413 975 'Proxima
428 914 567 974 adoranti
583 912 713 973 lunonia
729 914 843 990 templa
858 913 982 986 subibit,

313 1019 474 1079 Pellicibus
489 1018 592 1079 multis
607 1018 774 1079 indoluisse
789 1020 891 1078 dcam.

272 1125 393 1185 Pallade
408 1136 586 1203 conspectu,
604 1137 708 1186 naturn
724 1127 762 1185 de
777 1125 905 1186 crirnine
920 1126 1007 1205 virgo

314 1234 477 1294 Sustulerit
492 1251 586 1310 quare
602 1244 720 1311 qureret
734 1233 976 1295 Erichthonium.

273 1341 396 1403 Venerit
410 1343 440 1401 in
456 1343 557 1421 magni
572 1344 732 1419 templum,
750 1354 802 1404 tua
817 1361 955 1417 munero,
972 1345 1089 1416 Martis:

315 1453 381 1512 Stat
399 1453 501 1512 Venus
514 1452 606 1512 ultori
618 1453 726 1529 Juncta
742 1454 806 1513 viro
821 1464 891 1514 ante
905 1455 999 1514 iores.

277 1557 364 1617 lsidis
379 1559 446 1617 aede
461 1560 583 1631 sedens,
600 1575 656 1618 cur
670 1560 748 1619 hanc
763 1561 913 1632 Saturnia,
930 1571 1059 1636 quaeret,

318 1664 421 1741 Egerit
433 1664 517 1724 lonio
532 1666 764 1742 Bosphorioque
779 1666 866 1726 mari.

278 1771 310 1828 ln
327 1771 443 1830 Venere
457 1771 619 1843 Anchises,
636 1771 666 1829 in
682 1773 764 1831 Luna
779 1772 912 1833 Latinius
927 1775 1031 1846 heros,

322 1877 354 1935 ln
370 1876 480 1937 Cerere
495 1877 601 1951 insius,
619 1877 669 1954 qui
686 1877 848 1950 reseretur,
866 1878 934 1938 erit.

283 1987 387 2047 lininio
401 2005 561 2065 perversus
575 2000 706 2067 possunt
721 2005 922 2066 corrumpere
937 1998 1068 2059 mentes;

326 2096 413 2155 Stant
427 2107 528 2157 tanren
547 2098 597 2156 illa
613 2097 676 2157 snis
692 2096 792 2155 omnia
808 2106 872 2155 tuta
886 2096 973 2156 locis.

285 2201 323 2260 Αι
337 2203 445 2279 procul
460 2218 477 2260 a
493 2201 605 2277 scriptu
621 2201 694 2259 solis
709 2199 921 2258 meretricibus
935 2199 1007 2259 Arte

324 2310 501 2368 Sumrnovet
515 2308 663 2384 ingenuos
675 2304 786 2383 pagina
800 2305 898 2382 prima
911 2322 1018 2365 nurus.

279 2417 485 2492 Quaecnrnque
500 2416 642 2492 irrumpit
656 2432 718 2492 quo
733 2432 794 2474 nou
810 2414 881 2475 sinit
894 2414 939 2475 ire
952 2414 1109 2485 sacerdos,

322 2525 463 2586 Protinus
479 2526 545 2586 baec
560 2523 642 2584 vetiti
658 2523 793 2584 criminis
807 2533 874 2583 ncta
889 2538 942 2582 reo
956 2532 1013 2582 est.

280 2633 341 2692 Nec
355 2643 457 2692 tannen
470 2643 517 2692 est
531 2631 650 2691 facinus
663 2647 772 2690 versus
786 2631 926 2691 evolvere
941 2630 1061 2690 molles:

322 2740 416 2797 Multa
430 2739 503 2797 licet
515 2749 608 2796 castae
623 2754 685 2795 non
700 2737 838 2795 iacienda
852 2737 965 2813 legant.

283 2846 371 2921 Saepc
387 2844 540 2921 supercilii
555 2844 652 2902 nudas
668 2853 806 2903 matrona
821 2844 931 2917 severi,

324 2952 361 3009 Et
375 2949 499 3009 Veneris
513 2960 629 3010 stantes
644 2951 682 3009 nd
697 2967 794 3027 genus
811 2968 902 3012 ornne
916 2951 1008 3011 videt.

284 3058 419 3134 Corpora
434 3057 569 3117 Vestales
582 3057 663 3116 oculi
678 3057 849 3118 meretricia
863 3067 1004 3117 cernunt:

325 3165 385 3223 Nec
402 3163 527 3223 donnino
542 3179 644 3239 poenae
659 3180 709 3222 res
724 3179 760 3222 eo
774 3179 866 3222 causa
881 3162 947 3221 luit.

282 3271 320 3333 tt
335 3288 391 3331 cur
407 3271 437 3330 in
454 3285 559 3330 nostra
575 3270 666 3330 nimia
682 3282 728 3330 est
742 3270 863 3330 lascivia
879 3270 977 3330 Musa?

326 3378 423 3436 Curve
439 3394 526 3436 rneus
542 3377 683 3452 cuiquam
700 3376 807 3436 suadet
821 3391 924 3436 ornare
937 3376 1028 3437 liber?

285 3485 329 3546 Nil
345 3486 402 3545 nisi
418 3495 581 3562 peccatum
598 3486 818 3560 manifestaque
833 3486 924 3563 culpa
937 3486 1058 3545 fatenda
1073 3496 1131 3548 est,

333 3593 464 3653 Poernitet
476 3593 590 3670 ingenii
601 3594 770 3671 judiciique
784 3594 854 3654 mei.

286 3701 346 3766 Cur
361 3719 421 3761 non
437 3703 583 3782 Argolicis
602 3704 706 3780 potius
721 3720 791 3785 quae
806 3702 940 3770 concidit
954 3701 1057 3770 arinis,
