2932 5002
503 403 646 460 -tte-

57 537 87 596 Si
105 534 179 594 mihi
194 551 257 594 uon
272 533 386 612 parcis,
403 533 535 593 fortunae
550 549 676 609 parcere
692 535 798 594 debes:

100 645 167 702 Non
183 641 278 701 habet
293 639 324 698 in
339 639 429 699 uobis
443 639 535 698 ullius
550 639 595 698 ira
611 641 725 700 locum.

58 753 143 830 Elige
157 760 335 810 nostrorum
350 747 509 808 minimum
524 748 741 826 minimumque
755 750 909 810 laborum:

102 859 176 928 lst0,
194 872 255 931 quo
271 854 360 927 roris,
377 854 524 932 grandius
539 854 613 914 illud
627 855 699 915 erit.

56 963 155 1032 Quam
172 962 267 1020 multa
282 960 411 1020 madidae
425 961 620 1021 celebrantur
633 960 782 1021 arundine
803 945 907 1030 fossam

103 1066 227 1128 Florida
243 1083 333 1142 quam
347 1067 458 1126 multas
472 1067 565 1142 Hybla
580 1076 683 1126 tuetur
696 1082 781 1142 apes;

59 1175 156 1245 Quam
171 1174 278 1233 multae
293 1171 400 1250 gracili
413 1184 537 1232 terrena
552 1172 609 1232 sub
623 1172 734 1231 horrea
747 1171 828 1231 ferre

102 1280 208 1340 Limite
222 1279 360 1339 formicae
375 1295 472 1355 grana
486 1288 609 1355 reperta
624 1279 735 1349 soleut;

59 1390 133 1448 Tam
148 1407 197 1448 me
212 1388 413 1449 circumstant
427 1389 594 1448 densorum
609 1389 699 1449 turba
712 1389 874 1448 malorum:

103 1495 201 1554 Crede
215 1494 301 1566 mihi;
318 1511 391 1554 vero
407 1506 453 1554 est
467 1505 573 1555 nostra
588 1495 712 1570 querela
727 1493 837 1553 minor.

62 1601 112 1661 llis
129 1599 181 1677 qui
196 1610 359 1660 contentus
374 1617 436 1659 uon
451 1610 509 1672 est,
526 1600 556 1659 in
571 1599 643 1660 litus
658 1615 777 1671 arenas

103 1710 136 1767 ln
151 1719 285 1786 segetem
303 1708 416 1785 spicas,
433 1707 463 1766 in
478 1724 562 1767 mare
577 1707 685 1767 fundat
699 1723 804 1783 aquas.

61 1814 296 1891 Intempestivos
312 1814 404 1893 igitur
418 1831 580 1890 compesce
595 1812 732 1884 timores,

104 1923 174 1982 Vela
189 1939 246 1982 nec
264 1922 292 1981 in
310 1922 411 1983 medio
427 1923 535 1981 desere
550 1931 654 1980 nostra
669 1919 755 1979 mari.

354 2144 535 2198 unllam
558 2144 648 2197 vll.

64 2353 162 2422 Quam
177 2354 265 2431 legis,
281 2371 320 2413 ex
335 2353 384 2413 illa
401 2354 454 2414 tibi
468 2355 549 2413 venit
562 2354 690 2428 epistola
705 2364 797 2422 terra,

104 2461 195 2520 Latus
209 2459 261 2520 ubi
276 2458 427 2534 aequoreis
442 2457 563 2515 additur
576 2457 651 2515 lster
665 2456 762 2532 aquis.

63 2568 94 2627 Si
111 2568 166 2628 tihi
186 2565 338 2641 contingit
353 2582 422 2623 cum
439 2563 519 2624 dulci
534 2563 594 2623 vita
609 2566 717 2635 saluto,

107 2671 242 2730 Candida
257 2671 389 2729 fortunae
403 2686 475 2746 pars
490 2679 592 2729 manet
606 2686 666 2730 una
681 2686 767 2730 meae.

62 2776 197 2847 Scilicet,
214 2786 248 2835 ut
263 2792 396 2852 semper,
413 2775 485 2851 quid
500 2791 599 2852 agam,
614 2775 782 2848 carissime,
798 2776 922 2853 quaeris;

104 2884 247 2945 Huamvis
261 2885 321 2943 hoc
337 2884 385 2942 vel
400 2900 448 2942 mo
464 2882 543 2943 scire
557 2894 677 2944 tacente
692 2896 791 2962 potet.

60 2995 135 3054 Sum
148 2991 251 3052 miser:
266 2994 332 3051 lraec
347 2991 449 3052 breuis
463 3002 510 3052 est
524 3002 702 3052 nostrorum
718 3009 837 3054 summa
851 2995 1013 3054 malorum:

103 3102 242 3178 Quisquis
258 3114 288 3163 et
303 3103 418 3163 offenso
434 3103 552 3163 Caesare
566 3103 656 3175 vivet,
672 3103 740 3164 erit.

71 3211 173 3271 'lurha
189 3211 356 3271 Tomitanae
372 3229 440 3288 quae
454 3212 492 3273 sit
506 3211 651 3289 regionis,
666 3222 696 3272 et
710 3211 789 3271 inter

106 3317 187 3386 Quos
204 3317 338 3378 habitem
354 3334 469 3388 mores,
486 3316 604 3376 discere
620 3332 693 3374 cura
708 3315 763 3375 tibi
777 3317 838 3376 est?

72 3421 162 3482 llista
178 3423 218 3483 sit
232 3424 299 3482 haec
316 3422 453 3498 quamvis
468 3421 547 3481 inter
560 3421 726 3497 Graiosque
741 3422 901 3497 Getasque,

108 3527 133 3586 Α
149 3529 229 3587 male
242 3526 359 3604 pacatis
373 3528 443 3603 plus
458 3526 550 3586 trahit
564 3543 618 3586 ora
632 3526 722 3586 Getis.

63 3634 243 3696 Sarmaticae
260 3636 359 3711 major
374 3634 549 3709 Geticaeque
563 3633 733 3708 frequentia
747 3633 846 3710 gentis

106 3741 163 3802 Per
179 3740 293 3802 medias
308 3741 338 3801 iu
354 3739 442 3816 equis
457 3739 540 3816 itque
555 3737 693 3815 reditque
708 3737 782 3799 vias:
