<?xml version="1.0" encoding="UTF-8"?>
<!DOCTYPE html PUBLIC "-//W3C//DTD XHTML 1.0 Transitional//EN"
    "http://www.w3.org/TR/xhtml1/DTD/xhtml1-transitional.dtd">
<html xmlns="http://www.w3.org/1999/xhtml" xml:lang="en" lang="en">
 <head>
  <title>
</title>
<meta http-equiv="Content-Type" content="text/html;charset=utf-8" />
  <meta name='ocr-system' content='tesseract 3.04.00' />
  <meta name='ocr-capabilities' content='ocr_page ocr_carea ocr_par ocr_line ocrx_word'/>
</head>
<body>
  <div class='ocr_page' id='page_1' title='image "./povidiinasonist01ovidgoog_0029.png"; bbox 0 0 2932 5002; ppageno 0'>
   <div class='ocr_carea' id='block_1_1' title="bbox 733 419 853 475">
    <p class='ocr_par' dir='ltr' id='par_1_1' title="bbox 733 419 853 475">
     <span class='ocr_line' id='line_1_1' title="bbox 733 419 853 475; baseline 0 0"><span class='ocrx_word' id='word_1_1' title='bbox 733 419 853 475; x_wconf 65' lang='lat'>-20—</span> 
     </span>
    </p>
   </div>
   <div class='ocr_carea' id='block_1_2' title="bbox 277 551 1171 1804">
    <p class='ocr_par' dir='ltr' id='par_1_2' title="bbox 280 551 963 740">
     <span class='ocr_line' id='line_1_2' title="bbox 280 551 963 630; baseline 0 -15"><span class='ocrx_word' id='word_1_2' title='bbox 280 557 336 617; x_wconf 90' lang='lat' dir='ltr'>ilie</span> <span class='ocrx_word' id='word_1_3' title='bbox 351 566 415 616; x_wconf 87' lang='lat' dir='ltr'>orat</span> <span class='ocrx_word' id='word_1_4' title='bbox 430 553 550 615; x_wconf 81' lang='lat' dir='ltr'>assiduo</span> <span class='ocrx_word' id='word_1_5' title='bbox 564 553 653 613; x_wconf 66' lang='lat' dir='ltr'>saevis</span> <span class='ocrx_word' id='word_1_6' title='bbox 668 551 799 630; x_wconf 79' lang='lat' dir='ltr'>agitatus</span> <span class='ocrx_word' id='word_1_7' title='bbox 816 552 845 610; x_wconf 92' lang='lat' dir='ltr'>iu</span> <span class='ocrx_word' id='word_1_8' title='bbox 860 552 963 615; x_wconf 84' lang='lat' dir='ltr'>a1·rnis;</span> 
     </span>
     <span class='ocr_line' id='line_1_3' title="bbox 320 662 900 740; baseline -0.01 -14"><span class='ocrx_word' id='word_1_9' title='bbox 320 667 472 726; x_wconf 77' lang='lat' dir='ltr'>Adsuetus</span> <span class='ocrx_word' id='word_1_10' title='bbox 487 663 594 725; x_wconf 88' lang='lat' dir='ltr'>studiis</span> <span class='ocrx_word' id='word_1_11' title='bbox 609 662 752 724; x_wconf 82' lang='lat' dir='ltr'>mollibus</span> <span class='ocrx_word' id='word_1_12' title='bbox 767 663 832 740; x_wconf 91' lang='lat' dir='ltr'>ipso</span> <span class='ocrx_word' id='word_1_13' title='bbox 848 663 900 722; x_wconf 85' lang='lat' dir='ltr'>sui.</span> 
     </span>
    </p>

    <p class='ocr_par' dir='ltr' id='par_1_3' title="bbox 279 768 1058 960">
     <span class='ocr_line' id='line_1_4' title="bbox 279 768 1058 852; baseline -0.003 -16"><span class='ocrx_word' id='word_1_14' title='bbox 279 777 325 836; x_wconf 88' lang='lat' dir='ltr'>Me</span> <span class='ocrx_word' id='word_1_15' title='bbox 339 777 415 836; x_wconf 93' lang='lat' dir='ltr'>deus</span> <span class='ocrx_word' id='word_1_16' title='bbox 430 773 594 852; x_wconf 84' lang='lat' dir='ltr'><strong>oppressit,</strong></span> <span class='ocrx_word' id='word_1_17' title='bbox 611 773 695 832; x_wconf 85' lang='lat' dir='ltr'>nullo</span> <span class='ocrx_word' id='word_1_18' title='bbox 710 773 789 832; x_wconf 89' lang='lat' dir='ltr'>mala</span> <span class='ocrx_word' id='word_1_19' title='bbox 808 781 913 831; x_wconf 94' lang='lat' dir='ltr'>nostra</span> <span class='ocrx_word' id='word_1_20' title='bbox 926 768 1058 834; x_wconf 81' lang='lat' dir='ltr'>levante:</span> 
     </span>
     <span class='ocr_line' id='line_1_5' title="bbox 320 882 853 960; baseline -0.008 -16"><span class='ocrx_word' id='word_1_21' title='bbox 320 884 463 945; x_wconf 83' lang='lat' dir='ltr'>Beliatrix</span> <span class='ocrx_word' id='word_1_22' title='bbox 477 884 520 943; x_wconf 89' lang='lat' dir='ltr'>iili</span> <span class='ocrx_word' id='word_1_23' title='bbox 535 883 602 944; x_wconf 86' lang='lat' dir='ltr'>diva</span> <span class='ocrx_word' id='word_1_24' title='bbox 617 882 735 943; x_wconf 86' lang='lat' dir='ltr'>ferebat</span> <span class='ocrx_word' id='word_1_25' title='bbox 750 900 853 960; x_wconf 90' lang='lat' dir='ltr'>opem:</span> 
     </span>
    </p>

    <p class='ocr_par' dir='ltr' id='par_1_4' title="bbox 277 988 1171 1176">
     <span class='ocr_line' id='line_1_6' title="bbox 277 988 1171 1068; baseline -0.003 -18"><span class='ocrx_word' id='word_1_26' title='bbox 277 991 412 1068; x_wconf 83' lang='lat' dir='ltr'>Cumque</span> <span class='ocrx_word' id='word_1_27' title='bbox 427 990 526 1049; x_wconf 89' lang='lat' dir='ltr'>miuor</span> <span class='ocrx_word' id='word_1_28' title='bbox 539 991 611 1049; x_wconf 83' lang='lat' dir='ltr'>Jove</span> <span class='ocrx_word' id='word_1_29' title='bbox 626 988 675 1061; x_wconf 91' lang='lat' dir='ltr'>sit,</span> <span class='ocrx_word' id='word_1_30' title='bbox 693 988 815 1048; x_wconf 89' lang='lat' dir='ltr'>tumidis</span> <span class='ocrx_word' id='word_1_31' title='bbox 830 988 882 1064; x_wconf 83' lang='lat' dir='ltr'>qui</span> <span class='ocrx_word' id='word_1_32' title='bbox 898 997 1005 1065; x_wconf 79' lang='lat' dir='ltr'>regnat</span> <span class='ocrx_word' id='word_1_33' title='bbox 1021 988 1050 1045; x_wconf 95' lang='lat' dir='ltr'>in</span> <span class='ocrx_word' id='word_1_34' title='bbox 1069 988 1171 1058; x_wconf 84' lang='lat' dir='ltr'>undis,</span> 
     </span>
     <span class='ocr_line' id='line_1_7' title="bbox 321 1096 921 1176; baseline -0.007 -18"><span class='ocrx_word' id='word_1_35' title='bbox 321 1101 406 1158; x_wconf 91' lang='lat' dir='ltr'>ilium</span> <span class='ocrx_word' id='word_1_36' title='bbox 421 1097 562 1176; x_wconf 76' lang='lat' dir='ltr'>Neptuni,</span> <span class='ocrx_word' id='word_1_37' title='bbox 579 1115 628 1157; x_wconf 91' lang='lat' dir='ltr'>me</span> <span class='ocrx_word' id='word_1_38' title='bbox 643 1096 724 1156; x_wconf 81' lang='lat' dir='ltr'>Jovis</span> <span class='ocrx_word' id='word_1_39' title='bbox 739 1096 783 1155; x_wconf 89' lang='lat' dir='ltr'>ira</span> <span class='ocrx_word' id='word_1_40' title='bbox 798 1096 921 1173; x_wconf 87' lang='lat' dir='ltr'>premit.</span> 
     </span>
    </p>

    <p class='ocr_par' dir='ltr' id='par_1_5' title="bbox 278 1206 1119 1377">
     <span class='ocr_line' id='line_1_8' title="bbox 278 1206 1119 1286; baseline -0.004 -18"><span class='ocrx_word' id='word_1_41' title='bbox 278 1210 374 1280; x_wconf 78' lang='lat' dir='ltr'>Adde,</span> <span class='ocrx_word' id='word_1_42' title='bbox 391 1210 473 1286; x_wconf 89' lang='lat' dir='ltr'>quod</span> <span class='ocrx_word' id='word_1_43' title='bbox 494 1208 574 1268; x_wconf 89' lang='lat' dir='ltr'>illius</span> <span class='ocrx_word' id='word_1_44' title='bbox 589 1225 661 1284; x_wconf 89' lang='lat' dir='ltr'>pars</span> <span class='ocrx_word' id='word_1_45' title='bbox 676 1206 806 1266; x_wconf 76' lang='lat' dir='ltr'>maxima</span> <span class='ocrx_word' id='word_1_46' title='bbox 822 1208 890 1266; x_wconf 83' lang='lat' dir='ltr'>tieta</span> <span class='ocrx_word' id='word_1_47' title='bbox 906 1207 1045 1265; x_wconf 90' lang='lat' dir='ltr'>laborum</span> <span class='ocrx_word' id='word_1_48' title='bbox 1062 1218 1119 1275; x_wconf 84' lang='lat' dir='ltr'>est;</span> 
     </span>
     <span class='ocr_line' id='line_1_9' title="bbox 321 1314 956 1377; baseline -0.005 -1"><span class='ocrx_word' id='word_1_49' title='bbox 321 1316 447 1377; x_wconf 87' lang='lat' dir='ltr'>Ponitur</span> <span class='ocrx_word' id='word_1_50' title='bbox 460 1316 491 1374; x_wconf 91' lang='lat' dir='ltr'>in</span> <span class='ocrx_word' id='word_1_51' title='bbox 507 1316 620 1376; x_wconf 91' lang='lat' dir='ltr'>nostris</span> <span class='ocrx_word' id='word_1_52' title='bbox 634 1315 736 1375; x_wconf 82' lang='lat' dir='ltr'>sabula</span> <span class='ocrx_word' id='word_1_53' title='bbox 750 1315 834 1374; x_wconf 86' lang='lat' dir='ltr'>nulla</span> <span class='ocrx_word' id='word_1_54' title='bbox 858 1314 956 1373; x_wconf 71' lang='lat' dir='ltr'>ruatis⁴</span> 
     </span>
    </p>

    <p class='ocr_par' dir='ltr' id='par_1_6' title="bbox 280 1420 1025 1606">
     <span class='ocr_line' id='line_1_10' title="bbox 280 1420 1025 1499; baseline -0.001 -17"><span class='ocrx_word' id='word_1_55' title='bbox 280 1424 415 1499; x_wconf 83' lang='lat' dir='ltr'>Denique</span> <span class='ocrx_word' id='word_1_56' title='bbox 429 1422 574 1499; x_wconf 64' lang='lat' dir='ltr'>(parasitos</span> <span class='ocrx_word' id='word_1_57' title='bbox 588 1420 687 1498; x_wconf 82' lang='lat' dir='ltr'>tetigit</span> <span class='ocrx_word' id='word_1_58' title='bbox 702 1431 803 1480; x_wconf 82' lang='lat' dir='ltr'>tamen</span> <span class='ocrx_word' id='word_1_59' title='bbox 819 1420 869 1480; x_wconf 89' lang='lat' dir='ltr'>ille</span> <span class='ocrx_word' id='word_1_60' title='bbox 885 1421 1025 1491; x_wconf 80' lang='lat' dir='ltr'>Penates,</span> 
     </span>
     <span class='ocr_line' id='line_1_11' title="bbox 322 1527 993 1606; baseline -0.007 -16"><span class='ocrx_word' id='word_1_61' title='bbox 322 1530 456 1605; x_wconf 69' lang='lat' dir='ltr'>Quaeque</span> <span class='ocrx_word' id='word_1_62' title='bbox 471 1529 522 1590; x_wconf 92' lang='lat' dir='ltr'>diu</span> <span class='ocrx_word' id='word_1_63' title='bbox 537 1527 634 1606; x_wconf 87' lang='lat' dir='ltr'>petiit,</span> <span class='ocrx_word' id='word_1_64' title='bbox 651 1527 779 1604; x_wconf 81' lang='lat' dir='ltr'>contigit</span> <span class='ocrx_word' id='word_1_65' title='bbox 793 1544 865 1587; x_wconf 84' lang='lat' dir='ltr'>arva</span> <span class='ocrx_word' id='word_1_66' title='bbox 881 1538 993 1588; x_wconf 88' lang='lat' dir='ltr'>tamen:</span> 
     </span>
    </p>

    <p class='ocr_par' dir='ltr' id='par_1_7' title="bbox 280 1634 1062 1804">
     <span class='ocr_line' id='line_1_12' title="bbox 280 1634 1062 1713; baseline -0.005 -15"><span class='ocrx_word' id='word_1_67' title='bbox 280 1641 318 1698; x_wconf 87' lang='lat' dir='ltr'>At</span> <span class='ocrx_word' id='word_1_68' title='bbox 332 1635 404 1696; x_wconf 87' lang='lat' dir='ltr'>milri</span> <span class='ocrx_word' id='word_1_69' title='bbox 418 1646 568 1713; x_wconf 89' lang='lat' dir='ltr'>perpetuo</span> <span class='ocrx_word' id='word_1_70' title='bbox 583 1635 680 1712; x_wconf 90' lang='lat' dir='ltr'>patria</span> <span class='ocrx_word' id='word_1_71' title='bbox 696 1634 806 1694; x_wconf 87' lang='lat' dir='ltr'>tellure</span> <span class='ocrx_word' id='word_1_72' title='bbox 821 1636 988 1695; x_wconf 82' lang='lat' dir='ltr'>carendum</span> <span class='ocrx_word' id='word_1_73' title='bbox 1003 1645 1062 1705; x_wconf 89' lang='lat' dir='ltr'>est,</span> 
     </span>
     <span class='ocr_line' id='line_1_13' title="bbox 323 1742 798 1804; baseline -0.006 -1"><span class='ocrx_word' id='word_1_74' title='bbox 323 1743 356 1803; x_wconf 82' lang='lat' dir='ltr'>Ni</span> <span class='ocrx_word' id='word_1_75' title='bbox 371 1743 447 1804; x_wconf 81' lang='lat' dir='ltr'>fueri</span> <span class='ocrx_word' id='word_1_76' title='bbox 462 1744 526 1804; x_wconf 78' lang='lat' dir='ltr'>laesi</span> <span class='ocrx_word' id='word_1_77' title='bbox 541 1743 662 1802; x_wconf 86' lang='lat' dir='ltr'>mollior</span> <span class='ocrx_word' id='word_1_78' title='bbox 677 1742 720 1803; x_wconf 91' lang='lat' dir='ltr'>ira</span> <span class='ocrx_word' id='word_1_79' title='bbox 740 1742 798 1802; x_wconf 87' lang='lat' dir='ltr'>dei.</span> 
     </span>
    </p>
   </div>
   <div class='ocr_carea' id='block_1_3' title="bbox 584 1965 847 2020">
    <p class='ocr_par' dir='ltr' id='par_1_8' title="bbox 584 1965 847 2020">
     <span class='ocr_line' id='line_1_14' title="bbox 584 1965 847 2020; baseline -0.008 0"><span class='ocrx_word' id='word_1_80' title='bbox 584 1965 765 2020; x_wconf 64' lang='lat' dir='ltr'>ulamau</span> <span class='ocrx_word' id='word_1_81' title='bbox 779 1965 847 2019; x_wconf 65' lang='lat' dir='ltr'>VI.</span> 
     </span>
    </p>
   </div>
   <div class='ocr_carea' id='block_1_4' title="bbox 284 2175 967 2351">
    <p class='ocr_par' dir='ltr' id='par_1_9' title="bbox 284 2175 967 2351">
     <span class='ocr_line' id='line_1_15' title="bbox 284 2175 939 2252; baseline 0 -18"><span class='ocrx_word' id='word_1_82' title='bbox 284 2176 344 2235; x_wconf 86' lang='lat' dir='ltr'>Nec</span> <span class='ocrx_word' id='word_1_83' title='bbox 359 2186 477 2236; x_wconf 85' lang='lat' dir='ltr'>tantum</span> <span class='ocrx_word' id='word_1_84' title='bbox 492 2175 590 2235; x_wconf 83' lang='lat' dir='ltr'><strong>Clario</strong></span> <span class='ocrx_word' id='word_1_85' title='bbox 606 2176 687 2251; x_wconf 80' lang='lat' dir='ltr'>Lyde</span> <span class='ocrx_word' id='word_1_86' title='bbox 701 2175 812 2235; x_wconf 86' lang='lat' dir='ltr'>dilecta</span> <span class='ocrx_word' id='word_1_87' title='bbox 827 2186 939 2252; x_wconf 85' lang='lat' dir='ltr'>poetar,</span> 
     </span>
     <span class='ocr_line' id='line_1_16' title="bbox 325 2279 967 2351; baseline 0 -11"><span class='ocrx_word' id='word_1_88' title='bbox 325 2281 385 2341; x_wconf 88' lang='lat' dir='ltr'>Nec</span> <span class='ocrx_word' id='word_1_89' title='bbox 401 2291 519 2341; x_wconf 89' lang='lat' dir='ltr'>tautum</span> <span class='ocrx_word' id='word_1_90' title='bbox 533 2281 595 2340; x_wconf 87' lang='lat' dir='ltr'>Coo</span> <span class='ocrx_word' id='word_1_91' title='bbox 610 2279 706 2341; x_wconf 91' lang='lat' dir='ltr'>Bottis</span> <span class='ocrx_word' id='word_1_92' title='bbox 721 2290 820 2340; x_wconf 90' lang='lat' dir='ltr'>amata</span> <span class='ocrx_word' id='word_1_93' title='bbox 836 2297 893 2338; x_wconf 92' lang='lat' dir='ltr'>suo</span> <span class='ocrx_word' id='word_1_94' title='bbox 908 2291 967 2351; x_wconf 90' lang='lat' dir='ltr'>est;</span> 
     </span>
    </p>
   </div>
   <div class='ocr_carea' id='block_1_5' title="bbox 283 2387 1082 2470">
    <p class='ocr_par' dir='ltr' id='par_1_10' title="bbox 283 2387 1082 2470">
     <span class='ocr_line' id='line_1_17' title="bbox 283 2387 1082 2470; baseline -0.003 -21"><span class='ocrx_word' id='word_1_95' title='bbox 283 2390 460 2451; x_wconf 82' lang='lat' dir='ltr'>Pectoribus</span> <span class='ocrx_word' id='word_1_96' title='bbox 475 2401 622 2467; x_wconf 82' lang='lat' dir='ltr'>quantum</span> <span class='ocrx_word' id='word_1_97' title='bbox 636 2400 670 2450; x_wconf 93' lang='lat' dir='ltr'>tu</span> <span class='ocrx_word' id='word_1_98' title='bbox 685 2387 815 2470; x_wconf 78' lang='lat' dir='ltr'>nostris,</span> <span class='ocrx_word' id='word_1_99' title='bbox 834 2407 922 2462; x_wconf 80' lang='lat' dir='ltr'>uxor,</span> <span class='ocrx_word' id='word_1_100' title='bbox 940 2389 1082 2461; x_wconf 74' lang='lat' dir='ltr'>inhaeres,</span> 
     </span>
    </p>
   </div>
   <div class='ocr_carea' id='block_1_6' title="bbox 283 2500 1149 3876">
    <p class='ocr_par' dir='ltr' id='par_1_11' title="bbox 325 2500 985 2580">
     <span class='ocr_line' id='line_1_18' title="bbox 325 2500 985 2580; baseline -0.003 -20"><span class='ocrx_word' id='word_1_101' title='bbox 325 2501 420 2580; x_wconf 85' lang='lat' dir='ltr'>Digna</span> <span class='ocrx_word' id='word_1_102' title='bbox 434 2501 534 2562; x_wconf 90' lang='lat' dir='ltr'>miuus</span> <span class='ocrx_word' id='word_1_103' title='bbox 549 2501 673 2575; x_wconf 89' lang='lat' dir='ltr'>misero,</span> <span class='ocrx_word' id='word_1_104' title='bbox 691 2518 753 2560; x_wconf 92' lang='lat' dir='ltr'>non</span> <span class='ocrx_word' id='word_1_105' title='bbox 768 2500 895 2560; x_wconf 89' lang='lat' dir='ltr'>meliore</span> <span class='ocrx_word' id='word_1_106' title='bbox 910 2500 985 2559; x_wconf 78' lang='lat' dir='ltr'>viro.</span> 
     </span>
    </p>

    <p class='ocr_par' dir='ltr' id='par_1_12' title="bbox 284 2605 1110 2790">
     <span class='ocr_line' id='line_1_19' title="bbox 284 2605 1046 2687; baseline -0.001 -20"><span class='ocrx_word' id='word_1_107' title='bbox 284 2610 325 2668; x_wconf 87' lang='lat' dir='ltr'>Te</span> <span class='ocrx_word' id='word_1_108' title='bbox 339 2626 406 2669; x_wconf 89' lang='lat' dir='ltr'>mea</span> <span class='ocrx_word' id='word_1_109' title='bbox 419 2608 577 2687; x_wconf 88' lang='lat' dir='ltr'>subposita</span> <span class='ocrx_word' id='word_1_110' title='bbox 591 2608 682 2669; x_wconf 90' lang='lat' dir='ltr'>veluti</span> <span class='ocrx_word' id='word_1_111' title='bbox 696 2610 783 2669; x_wconf 89' lang='lat' dir='ltr'>trabe</span> <span class='ocrx_word' id='word_1_112' title='bbox 798 2605 873 2666; x_wconf 81' lang='lat' dir='ltr'>suita</span> <span class='ocrx_word' id='word_1_113' title='bbox 888 2607 975 2667; x_wconf 89' lang='lat' dir='ltr'>ruina</span> <span class='ocrx_word' id='word_1_114' title='bbox 990 2616 1046 2678; x_wconf 89' lang='lat' dir='ltr'>est;</span> 
     </span>
     <span class='ocr_line' id='line_1_20' title="bbox 327 2712 1110 2790; baseline -0.003 -16"><span class='ocrx_word' id='word_1_115' title='bbox 327 2714 357 2774; x_wconf 89' lang='lat' dir='ltr'>Si</span> <span class='ocrx_word' id='word_1_116' title='bbox 371 2714 445 2790; x_wconf 90' lang='lat' dir='ltr'>quid</span> <span class='ocrx_word' id='word_1_117' title='bbox 459 2715 559 2773; x_wconf 88' lang='lat' dir='ltr'>adbuc</span> <span class='ocrx_word' id='word_1_118' title='bbox 573 2730 632 2789; x_wconf 81' lang='lat' dir='ltr'>ego</span> <span class='ocrx_word' id='word_1_119' title='bbox 647 2731 726 2784; x_wconf 92' lang='lat' dir='ltr'>sum,</span> <span class='ocrx_word' id='word_1_120' title='bbox 743 2713 878 2772; x_wconf 90' lang='lat' dir='ltr'>muneris</span> <span class='ocrx_word' id='word_1_121' title='bbox 893 2730 984 2772; x_wconf 91' lang='lat' dir='ltr'>omne</span> <span class='ocrx_word' id='word_1_122' title='bbox 996 2712 1039 2773; x_wconf 93' lang='lat' dir='ltr'>tui</span> <span class='ocrx_word' id='word_1_123' title='bbox 1053 2726 1110 2774; x_wconf 91' lang='lat' dir='ltr'>est:</span> 
     </span>
    </p>

    <p class='ocr_par' dir='ltr' id='par_1_13' title="bbox 285 2819 1065 3011">
     <span class='ocr_line' id='line_1_21' title="bbox 285 2819 1065 2898; baseline 0.001 -15"><span class='ocrx_word' id='word_1_124' title='bbox 285 2825 329 2883; x_wconf 85' lang='lat' dir='ltr'>Tu</span> <span class='ocrx_word' id='word_1_125' title='bbox 344 2821 419 2882; x_wconf 80' lang='lat' dir='ltr'>facis</span> <span class='ocrx_word' id='word_1_126' title='bbox 432 2833 467 2882; x_wconf 83' lang='lat' dir='ltr'>ut</span> <span class='ocrx_word' id='word_1_127' title='bbox 481 2820 613 2898; x_wconf 92' lang='lat' dir='ltr'>spolium</span> <span class='ocrx_word' id='word_1_128' title='bbox 627 2838 666 2881; x_wconf 92' lang='lat' dir='ltr'>ne</span> <span class='ocrx_word' id='word_1_129' title='bbox 681 2819 748 2893; x_wconf 90' lang='lat' dir='ltr'>sim,</span> <span class='ocrx_word' id='word_1_130' title='bbox 765 2838 826 2881; x_wconf 90' lang='lat' dir='ltr'>neu</span> <span class='ocrx_word' id='word_1_131' title='bbox 840 2822 938 2882; x_wconf 92' lang='lat' dir='ltr'>nuder</span> <span class='ocrx_word' id='word_1_132' title='bbox 953 2823 991 2883; x_wconf 90' lang='lat' dir='ltr'>ab</span> <span class='ocrx_word' id='word_1_133' title='bbox 1007 2823 1065 2884; x_wconf 87' lang='lat' dir='ltr'>illis</span> 
     </span>
     <span class='ocr_line' id='line_1_22' title="bbox 323 2930 884 3011; baseline 0.004 -21"><span class='ocrx_word' id='word_1_134' title='bbox 323 2930 473 3010; x_wconf 80' lang='lat' dir='ltr'>Naufragii</span> <span class='ocrx_word' id='word_1_135' title='bbox 487 2933 604 2993; x_wconf 88' lang='lat' dir='ltr'>tabulas</span> <span class='ocrx_word' id='word_1_136' title='bbox 619 2932 669 3009; x_wconf 89' lang='lat' dir='ltr'>qui</span> <span class='ocrx_word' id='word_1_137' title='bbox 685 2933 801 3011; x_wconf 85' lang='lat' dir='ltr'>potiore</span> <span class='ocrx_word' id='word_1_138' title='bbox 815 2931 884 2993; x_wconf 90' lang='lat' dir='ltr'>mei.</span> 
     </span>
    </p>

    <p class='ocr_par' dir='ltr' id='par_1_14' title="bbox 287 3039 1149 3226">
     <span class='ocr_line' id='line_1_23' title="bbox 287 3039 1149 3118; baseline 0 -17"><span class='ocrx_word' id='word_1_139' title='bbox 287 3041 385 3115; x_wconf 88' lang='lat' dir='ltr'>thue</span> <span class='ocrx_word' id='word_1_140' title='bbox 399 3056 505 3118; x_wconf 80' lang='lat' dir='ltr'>rapax,</span> <span class='ocrx_word' id='word_1_141' title='bbox 521 3040 695 3101; x_wconf 85' lang='lat' dir='ltr'>stimulante</span> <span class='ocrx_word' id='word_1_142' title='bbox 709 3040 799 3112; x_wconf 86' lang='lat' dir='ltr'>same,</span> <span class='ocrx_word' id='word_1_143' title='bbox 817 3039 1009 3118; x_wconf 85' lang='lat' dir='ltr'>cupidusque</span> <span class='ocrx_word' id='word_1_144' title='bbox 1030 3041 1149 3101; x_wconf 86' lang='lat' dir='ltr'>cruoris</span> 
     </span>
     <span class='ocr_line' id='line_1_24' title="bbox 326 3147 878 3226; baseline 0.005 -20"><span class='ocrx_word' id='word_1_145' title='bbox 326 3147 548 3209; x_wconf 89' lang='lat' dir='ltr'>Incustoditum</span> <span class='ocrx_word' id='word_1_146' title='bbox 564 3159 668 3226; x_wconf 88' lang='lat' dir='ltr'>captat</span> <span class='ocrx_word' id='word_1_147' title='bbox 682 3147 760 3208; x_wconf 81' lang='lat' dir='ltr'>ovile</span> <span class='ocrx_word' id='word_1_148' title='bbox 775 3149 878 3226; x_wconf 86' lang='lat' dir='ltr'>lupus:</span> 
     </span>
    </p>

    <p class='ocr_par' dir='ltr' id='par_1_15' title="bbox 283 3256 1090 3443">
     <span class='ocr_line' id='line_1_25' title="bbox 283 3256 1090 3336; baseline 0.002 -20"><span class='ocrx_word' id='word_1_149' title='bbox 283 3256 342 3318; x_wconf 76' lang='lat' dir='ltr'>dut</span> <span class='ocrx_word' id='word_1_150' title='bbox 355 3267 390 3316; x_wconf 89' lang='lat' dir='ltr'>ut</span> <span class='ocrx_word' id='word_1_151' title='bbox 404 3258 482 3317; x_wconf 83' lang='lat' dir='ltr'>edax</span> <span class='ocrx_word' id='word_1_152' title='bbox 495 3258 599 3317; x_wconf 88' lang='lat' dir='ltr'>vultur</span> <span class='ocrx_word' id='word_1_153' title='bbox 613 3274 726 3335; x_wconf 90' lang='lat' dir='ltr'>corpus</span> <span class='ocrx_word' id='word_1_154' title='bbox 742 3258 950 3336; x_wconf 81' lang='lat' dir='ltr'>circumspicit</span> <span class='ocrx_word' id='word_1_155' title='bbox 968 3259 1090 3336; x_wconf 85' lang='lat' dir='ltr'>ecquod</span> 
     </span>
     <span class='ocr_line' id='line_1_26' title="bbox 327 3362 1009 3443; baseline 0 -19"><span class='ocrx_word' id='word_1_156' title='bbox 327 3365 388 3424; x_wconf 91' lang='lat' dir='ltr'>Sub</span> <span class='ocrx_word' id='word_1_157' title='bbox 404 3364 487 3423; x_wconf 90' lang='lat' dir='ltr'>nulla</span> <span class='ocrx_word' id='word_1_158' title='bbox 500 3362 635 3442; x_wconf 87' lang='lat' dir='ltr'>positum</span> <span class='ocrx_word' id='word_1_159' title='bbox 650 3382 777 3426; x_wconf 89' lang='lat' dir='ltr'>eernere</span> <span class='ocrx_word' id='word_1_160' title='bbox 791 3365 889 3443; x_wconf 92' lang='lat' dir='ltr'>possit</span> <span class='ocrx_word' id='word_1_161' title='bbox 904 3366 1009 3426; x_wconf 88' lang='lat' dir='ltr'>humo:</span> 
     </span>
    </p>

    <p class='ocr_par' dir='ltr' id='par_1_16' title="bbox 286 3470 1053 3659">
     <span class='ocr_line' id='line_1_27' title="bbox 286 3470 1053 3548; baseline -0.005 -12"><span class='ocrx_word' id='word_1_162' title='bbox 286 3473 333 3536; x_wconf 87' lang='lat' dir='ltr'>Sic</span> <span class='ocrx_word' id='word_1_163' title='bbox 348 3487 415 3530; x_wconf 86' lang='lat' dir='ltr'>mea</span> <span class='ocrx_word' id='word_1_164' title='bbox 428 3470 533 3531; x_wconf 90' lang='lat' dir='ltr'>nescio</span> <span class='ocrx_word' id='word_1_165' title='bbox 548 3471 616 3548; x_wconf 88' lang='lat' dir='ltr'>quis</span> <span class='ocrx_word' id='word_1_166' title='bbox 631 3473 723 3533; x_wconf 89' lang='lat' dir='ltr'>robus</span> <span class='ocrx_word' id='word_1_167' title='bbox 738 3473 909 3533; x_wconf 85' lang='lat' dir='ltr'>malefidus</span> <span class='ocrx_word' id='word_1_168' title='bbox 924 3471 1053 3544; x_wconf 86' lang='lat' dir='ltr'>acerbis,</span> 
     </span>
     <span class='ocr_line' id='line_1_28' title="bbox 326 3578 919 3659; baseline 0.007 -23"><span class='ocrx_word' id='word_1_169' title='bbox 326 3578 360 3638; x_wconf 93' lang='lat' dir='ltr'>ln</span> <span class='ocrx_word' id='word_1_170' title='bbox 375 3581 454 3640; x_wconf 90' lang='lat' dir='ltr'>bona</span> <span class='ocrx_word' id='word_1_171' title='bbox 469 3592 627 3653; x_wconf 77' lang='lat' dir='ltr'>venturus,</span> <span class='ocrx_word' id='word_1_172' title='bbox 644 3581 669 3642; x_wconf 89' lang='lat' dir='ltr'>si</span> <span class='ocrx_word' id='word_1_173' title='bbox 683 3592 835 3659; x_wconf 87' lang='lat' dir='ltr'>paterere,</span> <span class='ocrx_word' id='word_1_174' title='bbox 853 3581 919 3642; x_wconf 85' lang='lat' dir='ltr'>suit.</span> 
     </span>
    </p>

    <p class='ocr_par' dir='ltr' id='par_1_17' title="bbox 287 3687 1046 3876">
     <span class='ocr_line' id='line_1_29' title="bbox 287 3687 1046 3765; baseline 0.003 -18"><span class='ocrx_word' id='word_1_175' title='bbox 287 3687 372 3747; x_wconf 88' lang='lat' dir='ltr'>Hunc</span> <span class='ocrx_word' id='word_1_176' title='bbox 388 3697 439 3747; x_wconf 91' lang='lat' dir='ltr'>tua</span> <span class='ocrx_word' id='word_1_177' title='bbox 453 3706 509 3765; x_wconf 91' lang='lat' dir='ltr'>per</span> <span class='ocrx_word' id='word_1_178' title='bbox 523 3688 618 3748; x_wconf 86' lang='lat' dir='ltr'>fortes</span> <span class='ocrx_word' id='word_1_179' title='bbox 632 3688 728 3749; x_wconf 78' lang='lat' dir='ltr'>virtus</span> <span class='ocrx_word' id='word_1_180' title='bbox 740 3688 905 3749; x_wconf 82' lang='lat' dir='ltr'>summovit</span> <span class='ocrx_word' id='word_1_181' title='bbox 919 3689 1046 3762; x_wconf 89' lang='lat' dir='ltr'>amicos,</span> 
     </span>
     <span class='ocr_line' id='line_1_30' title="bbox 328 3794 984 3876; baseline 0.006 -22"><span class='ocrx_word' id='word_1_182' title='bbox 328 3794 414 3856; x_wconf 78' lang='lat' dir='ltr'>Nulla</span> <span class='ocrx_word' id='word_1_183' title='bbox 429 3796 539 3873; x_wconf 86' lang='lat' dir='ltr'>quibus</span> <span class='ocrx_word' id='word_1_184' title='bbox 554 3797 640 3858; x_wconf 89' lang='lat' dir='ltr'>reddi</span> <span class='ocrx_word' id='word_1_185' title='bbox 655 3797 751 3876; x_wconf 83' lang='lat' dir='ltr'>gratia</span> <span class='ocrx_word' id='word_1_186' title='bbox 765 3797 856 3875; x_wconf 79' lang='lat' dir='ltr'>digna</span> <span class='ocrx_word' id='word_1_187' title='bbox 870 3807 984 3874; x_wconf 87' lang='lat' dir='ltr'>potest.</span> 
     </span>
    </p>
   </div>
   <div class='ocr_carea' id='block_1_7' title="bbox 0 0 1471 5002">
    <p class='ocr_par' dir='ltr' id='par_1_18' title="bbox 0 0 1471 5002">
     <span class='ocr_line' id='line_1_31' title="bbox 0 0 1471 5002; baseline 0 0"><span class='ocrx_word' id='word_1_188' title='bbox 0 0 1471 5002; x_wconf 95' lang='lat' dir='ltr'> </span> 
     </span>
    </p>
   </div>
  </div>
 </body>
</html>
