<?xml version="1.0" encoding="UTF-8"?>
<!DOCTYPE html PUBLIC "-//W3C//DTD XHTML 1.0 Transitional//EN"
    "http://www.w3.org/TR/xhtml1/DTD/xhtml1-transitional.dtd">
<html xmlns="http://www.w3.org/1999/xhtml" xml:lang="en" lang="en">
 <head>
  <title>
</title>
<meta http-equiv="Content-Type" content="text/html;charset=utf-8" />
  <meta name='ocr-system' content='tesseract 3.04.00' />
  <meta name='ocr-capabilities' content='ocr_page ocr_carea ocr_par ocr_line ocrx_word'/>
</head>
<body>
  <div class='ocr_page' id='page_1' title='image "./povidiinasonist01ovidgoog_0118.png"; bbox 0 0 2932 5002; ppageno 0'>
   <div class='ocr_carea' id='block_1_1' title="bbox 708 376 850 434">
    <p class='ocr_par' dir='ltr' id='par_1_1' title="bbox 708 376 850 434">
     <span class='ocr_line' id='line_1_1' title="bbox 708 376 850 434; baseline 0.014 -2"><span class='ocrx_word' id='word_1_1' title='bbox 708 376 850 434; x_wconf 73' lang='lat'>-109—</span> 
     </span>
    </p>
   </div>
   <div class='ocr_carea' id='block_1_2' title="bbox 262 501 1156 2818">
    <p class='ocr_par' dir='ltr' id='par_1_2' title="bbox 262 501 1156 2818">
     <span class='ocr_line' id='line_1_2' title="bbox 265 501 1011 577; baseline 0.007 -16"><span class='ocrx_word' id='word_1_2' title='bbox 265 501 363 572; x_wconf 83' lang='lat' dir='ltr'><strong>Quam</strong></span> <span class='ocrx_word' id='word_1_3' title='bbox 378 503 491 573; x_wconf 80' lang='lat' dir='ltr'><strong>vultuS,</strong></span> <span class='ocrx_word' id='word_1_4' title='bbox 509 503 678 577; x_wconf 89' lang='lat' dir='ltr'><strong>oculosque</strong></span> <span class='ocrx_word' id='word_1_5' title='bbox 693 513 774 575; x_wconf 77' lang='lat' dir='ltr'><strong>tuoS,</strong></span> <span class='ocrx_word' id='word_1_6' title='bbox 792 521 810 563; x_wconf 94' lang='lat' dir='ltr'><strong>o</strong></span> <span class='ocrx_word' id='word_1_7' title='bbox 826 504 946 565; x_wconf 85' lang='lat' dir='ltr'><strong>dulcior</strong></span> <span class='ocrx_word' id='word_1_8' title='bbox 959 506 1011 566; x_wconf 85' lang='lat' dir='ltr'><strong>illo</strong></span> 
     </span>
     <span class='ocr_line' id='line_1_3' title="bbox 306 612 948 691; baseline 0.005 -20"><span class='ocrx_word' id='word_1_9' title='bbox 306 613 405 685; x_wconf 87' lang='lat' dir='ltr'><strong>Melle,</strong></span> <span class='ocrx_word' id='word_1_10' title='bbox 422 613 505 689; x_wconf 88' lang='lat' dir='ltr'><strong>quod</strong></span> <span class='ocrx_word' id='word_1_11' title='bbox 521 612 551 670; x_wconf 93' lang='lat' dir='ltr'><strong>in</strong></span> <span class='ocrx_word' id='word_1_12' title='bbox 568 612 646 672; x_wconf 91' lang='lat' dir='ltr'><strong>ceris</strong></span> <span class='ocrx_word' id='word_1_13' title='bbox 660 612 757 672; x_wconf 80' lang='lat' dir='ltr'><strong>Attica</strong></span> <span class='ocrx_word' id='word_1_14' title='bbox 770 614 857 690; x_wconf 90' lang='lat' dir='ltr'><strong>ponit</strong></span> <span class='ocrx_word' id='word_1_15' title='bbox 871 615 948 691; x_wconf 88' lang='lat' dir='ltr'><strong>apis!</strong></span> 
     </span>
     <span class='ocr_line' id='line_1_4' title="bbox 263 719 1076 797; baseline 0.004 -18"><span class='ocrx_word' id='word_1_16' title='bbox 263 721 353 797; x_wconf 87' lang='lat' dir='ltr'><strong>Saepe</strong></span> <span class='ocrx_word' id='word_1_17' title='bbox 364 719 466 789; x_wconf 86' lang='lat' dir='ltr'><strong>etiam,</strong></span> <span class='ocrx_word' id='word_1_18' title='bbox 486 736 621 779; x_wconf 83' lang='lat' dir='ltr'><strong>moerens</strong></span> <span class='ocrx_word' id='word_1_19' title='bbox 635 729 756 796; x_wconf 89' lang='lat' dir='ltr'><strong>tempus</strong></span> <span class='ocrx_word' id='word_1_20' title='bbox 774 720 978 781; x_wconf 80' lang='lat' dir='ltr'><strong>reminiscitur</strong></span> <span class='ocrx_word' id='word_1_21' title='bbox 990 723 1076 794; x_wconf 87' lang='lat' dir='ltr'><strong>illud,</strong></span> 
     </span>
     <span class='ocr_line' id='line_1_5' title="bbox 308 828 1008 904; baseline 0.003 -17"><span class='ocrx_word' id='word_1_22' title='bbox 308 828 394 898; x_wconf 82' lang='lat' dir='ltr'><strong>Quod</strong></span> <span class='ocrx_word' id='word_1_23' title='bbox 409 845 471 887; x_wconf 94' lang='lat' dir='ltr'><strong>non</strong></span> <span class='ocrx_word' id='word_1_24' title='bbox 486 837 675 904; x_wconf 88' lang='lat' dir='ltr'><strong>praeventum</strong></span> <span class='ocrx_word' id='word_1_25' title='bbox 691 840 789 887; x_wconf 84' lang='lat' dir='ltr'><strong>morte</strong></span> <span class='ocrx_word' id='word_1_26' title='bbox 804 828 898 888; x_wconf 84' lang='lat' dir='ltr'><strong>fuisse</strong></span> <span class='ocrx_word' id='word_1_27' title='bbox 913 830 1008 889; x_wconf 88' lang='lat' dir='ltr'><strong>dolet.</strong></span> 
     </span>
     <span class='ocr_line' id='line_1_6' title="bbox 263 933 1038 1012; baseline 0.003 -18"><span class='ocrx_word' id='word_1_28' title='bbox 263 934 424 1010; x_wconf 78' lang='lat' dir='ltr'><strong>Quumque</strong></span> <span class='ocrx_word' id='word_1_29' title='bbox 437 933 485 992; x_wconf 90' lang='lat' dir='ltr'><strong>alii</strong></span> <span class='ocrx_word' id='word_1_30' title='bbox 500 934 640 1011; x_wconf 81' lang='lat' dir='ltr'><strong>fugerent</strong></span> <span class='ocrx_word' id='word_1_31' title='bbox 654 934 763 994; x_wconf 88' lang='lat' dir='ltr'><strong>subitae</strong></span> <span class='ocrx_word' id='word_1_32' title='bbox 778 935 919 1012; x_wconf 87' lang='lat' dir='ltr'><strong>contagia</strong></span> <span class='ocrx_word' id='word_1_33' title='bbox 932 935 1038 1008; x_wconf 85' lang='lat' dir='ltr'><strong>cladis,</strong></span> 
     </span>
     <span class='ocr_line' id='line_1_7' title="bbox 307 1042 928 1115; baseline 0.002 -13"><span class='ocrx_word' id='word_1_34' title='bbox 307 1044 368 1104; x_wconf 86' lang='lat' dir='ltr'><strong>Nec</strong></span> <span class='ocrx_word' id='word_1_35' title='bbox 382 1044 494 1103; x_wconf 84' lang='lat' dir='ltr'><strong>vellent</strong></span> <span class='ocrx_word' id='word_1_36' title='bbox 509 1042 578 1103; x_wconf 84' lang='lat' dir='ltr'><strong>ictae</strong></span> <span class='ocrx_word' id='word_1_37' title='bbox 594 1044 686 1103; x_wconf 92' lang='lat' dir='ltr'><strong>limen</strong></span> <span class='ocrx_word' id='word_1_38' title='bbox 701 1044 789 1104; x_wconf 89' lang='lat' dir='ltr'><strong>adire</strong></span> <span class='ocrx_word' id='word_1_39' title='bbox 805 1045 928 1115; x_wconf 83' lang='lat' dir='ltr'><strong>domus3</strong></span> 
     </span>
     <span class='ocr_line' id='line_1_8' title="bbox 269 1149 1038 1226; baseline 0 -18"><span class='ocrx_word' id='word_1_40' title='bbox 269 1150 315 1208; x_wconf 80' lang='lat' dir='ltr'><strong>&#39;l&#39;e</strong></span> <span class='ocrx_word' id='word_1_41' title='bbox 330 1149 387 1208; x_wconf 89' lang='lat' dir='ltr'><strong>sibi</strong></span> <span class='ocrx_word' id='word_1_42' title='bbox 400 1166 470 1208; x_wconf 91' lang='lat' dir='ltr'><strong>cum</strong></span> <span class='ocrx_word' id='word_1_43' title='bbox 485 1149 591 1226; x_wconf 92' lang='lat' dir='ltr'><strong>paucis</strong></span> <span class='ocrx_word' id='word_1_44' title='bbox 605 1149 729 1208; x_wconf 90' lang='lat' dir='ltr'><strong>memini</strong></span> <span class='ocrx_word' id='word_1_45' title='bbox 744 1149 893 1209; x_wconf 89' lang='lat' dir='ltr'><strong>mansisse</strong></span> <span class='ocrx_word' id='word_1_46' title='bbox 907 1150 1038 1209; x_wconf 85' lang='lat' dir='ltr'><strong>fidelem:</strong></span> 
     </span>
     <span class='ocr_line' id='line_1_9' title="bbox 319 1254 968 1331; baseline -0.002 -16"><span class='ocrx_word' id='word_1_47' title='bbox 319 1254 348 1315; x_wconf 89' lang='lat' dir='ltr'><strong>Si</strong></span> <span class='ocrx_word' id='word_1_48' title='bbox 362 1271 479 1331; x_wconf 91' lang='lat' dir='ltr'><strong>paucos</strong></span> <span class='ocrx_word' id='word_1_49' title='bbox 493 1255 601 1331; x_wconf 89' lang='lat' dir='ltr'><strong>aliquis</strong></span> <span class='ocrx_word' id='word_1_50' title='bbox 620 1266 720 1314; x_wconf 84' lang='lat' dir='ltr'><strong>tresve</strong></span> <span class='ocrx_word' id='word_1_51' title='bbox 736 1255 853 1314; x_wconf 78' lang='lat' dir='ltr'><strong>duosve</strong></span> <span class='ocrx_word' id='word_1_52' title='bbox 871 1266 968 1314; x_wconf 84' lang='lat' dir='ltr'><strong>vocat.</strong></span> 
     </span>
     <span class='ocr_line' id='line_1_10' title="bbox 267 1360 1070 1433; baseline 0.002 -12"><span class='ocrx_word' id='word_1_53' title='bbox 267 1361 412 1432; x_wconf 79' lang='lat' dir='ltr'><strong>Quamvis</strong></span> <span class='ocrx_word' id='word_1_54' title='bbox 425 1362 592 1433; x_wconf 87' lang='lat' dir='ltr'><strong>adtonitus,</strong></span> <span class='ocrx_word' id='word_1_55' title='bbox 609 1360 703 1421; x_wconf 90' lang='lat' dir='ltr'><strong>sensit</strong></span> <span class='ocrx_word' id='word_1_56' title='bbox 722 1372 822 1420; x_wconf 87' lang='lat' dir='ltr'><strong>tamen</strong></span> <span class='ocrx_word' id='word_1_57' title='bbox 839 1361 951 1433; x_wconf 91' lang='lat' dir='ltr'><strong>omnia,</strong></span> <span class='ocrx_word' id='word_1_58' title='bbox 969 1379 1027 1422; x_wconf 86' lang='lat' dir='ltr'><strong>nec</strong></span> <span class='ocrx_word' id='word_1_59' title='bbox 1041 1373 1070 1423; x_wconf 84' lang='lat' dir='ltr'><strong>te</strong></span> 
     </span>
     <span class='ocr_line' id='line_1_11' title="bbox 306 1467 882 1529; baseline -0.002 -1"><span class='ocrx_word' id='word_1_60' title='bbox 306 1470 344 1528; x_wconf 88' lang='lat' dir='ltr'><strong>Se</strong></span> <span class='ocrx_word' id='word_1_61' title='bbox 362 1468 462 1528; x_wconf 88' lang='lat' dir='ltr'><strong>minus</strong></span> <span class='ocrx_word' id='word_1_62' title='bbox 478 1468 613 1529; x_wconf 85' lang='lat' dir='ltr'><strong>adversis</strong></span> <span class='ocrx_word' id='word_1_63' title='bbox 628 1467 795 1529; x_wconf 81' lang='lat' dir='ltr'><strong>indoluisse</strong></span> <span class='ocrx_word' id='word_1_64' title='bbox 808 1468 882 1529; x_wconf 92' lang='lat' dir='ltr'><strong>suis.</strong></span> 
     </span>
     <span class='ocr_line' id='line_1_12' title="bbox 274 1575 1133 1652; baseline 0.005 -19"><span class='ocrx_word' id='word_1_65' title='bbox 274 1575 373 1634; x_wconf 80' lang='lat' dir='ltr'><strong>Verba</strong></span> <span class='ocrx_word' id='word_1_66' title='bbox 387 1575 476 1647; x_wconf 87' lang='lat' dir='ltr'><strong>solet,</strong></span> <span class='ocrx_word' id='word_1_67' title='bbox 491 1576 670 1652; x_wconf 80' lang='lat' dir='ltr'><strong>vultumque</strong></span> <span class='ocrx_word' id='word_1_68' title='bbox 684 1586 781 1647; x_wconf 90' lang='lat' dir='ltr'><strong>tuum,</strong></span> <span class='ocrx_word' id='word_1_69' title='bbox 797 1575 989 1652; x_wconf 83' lang='lat' dir='ltr'><strong>gemitusque</strong></span> <span class='ocrx_word' id='word_1_70' title='bbox 1005 1577 1133 1650; x_wconf 82' lang='lat' dir='ltr'><strong>referre,</strong></span> 
     </span>
     <span class='ocr_line' id='line_1_13' title="bbox 307 1684 898 1756; baseline 0.002 -13"><span class='ocrx_word' id='word_1_71' title='bbox 307 1685 344 1744; x_wconf 88' lang='lat' dir='ltr'><strong>Et</strong></span> <span class='ocrx_word' id='word_1_72' title='bbox 363 1693 393 1743; x_wconf 88' lang='lat' dir='ltr'><strong>te</strong></span> <span class='ocrx_word' id='word_1_73' title='bbox 406 1684 510 1756; x_wconf 84' lang='lat' dir='ltr'><strong>flente,</strong></span> <span class='ocrx_word' id='word_1_74' title='bbox 529 1700 602 1745; x_wconf 89' lang='lat' dir='ltr'><strong>suos</strong></span> <span class='ocrx_word' id='word_1_75' title='bbox 615 1684 787 1744; x_wconf 75' lang='lat' dir='ltr'><strong>emaduisse</strong></span> <span class='ocrx_word' id='word_1_76' title='bbox 802 1684 898 1755; x_wconf 92' lang='lat' dir='ltr'><strong>sinus;</strong></span> 
     </span>
     <span class='ocr_line' id='line_1_14' title="bbox 275 1789 1057 1866; baseline 0.001 -18"><span class='ocrx_word' id='word_1_77' title='bbox 275 1790 369 1860; x_wconf 79' lang='lat' dir='ltr'><strong>Quam</strong></span> <span class='ocrx_word' id='word_1_78' title='bbox 385 1789 441 1849; x_wconf 91' lang='lat' dir='ltr'><strong>sibi</strong></span> <span class='ocrx_word' id='word_1_79' title='bbox 455 1790 644 1866; x_wconf 63' lang='lat' dir='ltr'><strong>praestiteris,</strong></span> <span class='ocrx_word' id='word_1_80' title='bbox 661 1806 720 1865; x_wconf 88' lang='lat' dir='ltr'><strong>qua</strong></span> <span class='ocrx_word' id='word_1_81' title='bbox 736 1791 913 1850; x_wconf 89' lang='lat' dir='ltr'><strong>consolatus</strong></span> <span class='ocrx_word' id='word_1_82' title='bbox 926 1791 1057 1850; x_wconf 90' lang='lat' dir='ltr'><strong>amicum</strong></span> 
     </span>
     <span class='ocr_line' id='line_1_15' title="bbox 316 1894 1000 1972; baseline 0 -18"><span class='ocrx_word' id='word_1_83' title='bbox 316 1894 362 1954; x_wconf 85' lang='lat' dir='ltr'><strong>Sis</strong></span> <span class='ocrx_word' id='word_1_84' title='bbox 379 1912 449 1972; x_wconf 88' lang='lat' dir='ltr'><strong>ope:</strong></span> <span class='ocrx_word' id='word_1_85' title='bbox 467 1896 612 1955; x_wconf 86' lang='lat' dir='ltr'><strong>solandus</strong></span> <span class='ocrx_word' id='word_1_86' title='bbox 632 1912 702 1954; x_wconf 91' lang='lat' dir='ltr'><strong>cum</strong></span> <span class='ocrx_word' id='word_1_87' title='bbox 717 1895 807 1954; x_wconf 88' lang='lat' dir='ltr'><strong>simul</strong></span> <span class='ocrx_word' id='word_1_88' title='bbox 823 1894 889 1970; x_wconf 89' lang='lat' dir='ltr'><strong>ipse</strong></span> <span class='ocrx_word' id='word_1_89' title='bbox 906 1894 1000 1954; x_wconf 85' lang='lat' dir='ltr'><strong>iores.</strong></span> 
     </span>
     <span class='ocr_line' id='line_1_16' title="bbox 276 2001 1156 2078; baseline 0 -18"><span class='ocrx_word' id='word_1_90' title='bbox 276 2003 336 2060; x_wconf 90' lang='lat' dir='ltr'><strong>Pro</strong></span> <span class='ocrx_word' id='word_1_91' title='bbox 350 2001 459 2077; x_wconf 88' lang='lat' dir='ltr'><strong>quibus</strong></span> <span class='ocrx_word' id='word_1_92' title='bbox 473 2001 612 2062; x_wconf 86' lang='lat' dir='ltr'><strong>adfirmat</strong></span> <span class='ocrx_word' id='word_1_93' title='bbox 626 2001 692 2061; x_wconf 82' lang='lat' dir='ltr'><strong>iore</strong></span> <span class='ocrx_word' id='word_1_94' title='bbox 707 2018 739 2061; x_wconf 89' lang='lat' dir='ltr'><strong>se</strong></span> <span class='ocrx_word' id='word_1_95' title='bbox 756 2017 985 2077; x_wconf 87' lang='lat' dir='ltr'><strong>memoremque</strong></span> <span class='ocrx_word' id='word_1_96' title='bbox 999 2001 1156 2078; x_wconf 83' lang='lat' dir='ltr'><strong>piumque,</strong></span> 
     </span>
     <span class='ocr_line' id='line_1_17' title="bbox 307 2106 941 2184; baseline 0 -18"><span class='ocrx_word' id='word_1_97' title='bbox 307 2106 374 2166; x_wconf 84' lang='lat' dir='ltr'><strong>Sive</strong></span> <span class='ocrx_word' id='word_1_98' title='bbox 395 2107 475 2167; x_wconf 88' lang='lat' dir='ltr'><strong>diem</strong></span> <span class='ocrx_word' id='word_1_99' title='bbox 492 2107 603 2178; x_wconf 86' lang='lat' dir='ltr'><strong>videat,</strong></span> <span class='ocrx_word' id='word_1_100' title='bbox 620 2107 682 2166; x_wconf 89' lang='lat' dir='ltr'><strong>sive</strong></span> <span class='ocrx_word' id='word_1_101' title='bbox 702 2117 822 2184; x_wconf 85' lang='lat' dir='ltr'><strong>tegatur</strong></span> <span class='ocrx_word' id='word_1_102' title='bbox 836 2108 941 2178; x_wconf 91' lang='lat' dir='ltr'><strong>humo;</strong></span> 
     </span>
     <span class='ocr_line' id='line_1_18' title="bbox 269 2212 1041 2290; baseline 0.004 -20"><span class='ocrx_word' id='word_1_103' title='bbox 269 2213 329 2271; x_wconf 89' lang='lat' dir='ltr'><strong>Per</strong></span> <span class='ocrx_word' id='word_1_104' title='bbox 346 2222 437 2290; x_wconf 84' lang='lat' dir='ltr'><strong>caput</strong></span> <span class='ocrx_word' id='word_1_105' title='bbox 456 2212 522 2290; x_wconf 90' lang='lat' dir='ltr'><strong>ipse</strong></span> <span class='ocrx_word' id='word_1_106' title='bbox 536 2230 625 2273; x_wconf 90' lang='lat' dir='ltr'><strong>suum</strong></span> <span class='ocrx_word' id='word_1_107' title='bbox 640 2212 747 2273; x_wconf 89' lang='lat' dir='ltr'><strong>solitus</strong></span> <span class='ocrx_word' id='word_1_108' title='bbox 763 2215 869 2288; x_wconf 88' lang='lat' dir='ltr'><strong>jurare</strong></span> <span class='ocrx_word' id='word_1_109' title='bbox 883 2224 1041 2288; x_wconf 89' lang='lat' dir='ltr'><strong>tuumque,</strong></span> 
     </span>
     <span class='ocr_line' id='line_1_19' title="bbox 308 2317 880 2387; baseline 0.002 -11"><span class='ocrx_word' id='word_1_110' title='bbox 308 2317 393 2387; x_wconf 82' lang='lat' dir='ltr'><strong>Quod</strong></span> <span class='ocrx_word' id='word_1_111' title='bbox 408 2318 472 2378; x_wconf 90' lang='lat' dir='ltr'><strong>scio</strong></span> <span class='ocrx_word' id='word_1_112' title='bbox 486 2336 549 2379; x_wconf 90' lang='lat' dir='ltr'><strong>non</strong></span> <span class='ocrx_word' id='word_1_113' title='bbox 564 2318 605 2377; x_wconf 85' lang='lat' dir='ltr'><strong>iili</strong></span> <span class='ocrx_word' id='word_1_114' title='bbox 626 2318 713 2379; x_wconf 84' lang='lat' dir='ltr'><strong>vilius</strong></span> <span class='ocrx_word' id='word_1_115' title='bbox 729 2336 797 2379; x_wconf 87' lang='lat' dir='ltr'><strong>esse</strong></span> <span class='ocrx_word' id='word_1_116' title='bbox 812 2336 880 2379; x_wconf 88' lang='lat' dir='ltr'><strong>suo.</strong></span> 
     </span>
     <span class='ocr_line' id='line_1_20' title="bbox 269 2427 975 2502; baseline -0.006 -14"><span class='ocrx_word' id='word_1_117' title='bbox 269 2430 362 2489; x_wconf 83' lang='lat' dir='ltr'><strong>Plena</strong></span> <span class='ocrx_word' id='word_1_118' title='bbox 377 2441 423 2490; x_wconf 82' lang='lat' dir='ltr'><strong>tot</strong></span> <span class='ocrx_word' id='word_1_119' title='bbox 439 2447 475 2489; x_wconf 88' lang='lat' dir='ltr'><strong>ac</strong></span> <span class='ocrx_word' id='word_1_120' title='bbox 494 2429 585 2488; x_wconf 88' lang='lat' dir='ltr'><strong>tantis</strong></span> <span class='ocrx_word' id='word_1_121' title='bbox 601 2429 750 2486; x_wconf 87' lang='lat' dir='ltr'><strong>reseretur</strong></span> <span class='ocrx_word' id='word_1_122' title='bbox 764 2429 861 2502; x_wconf 82' lang='lat' dir='ltr'><strong>gratia</strong></span> <span class='ocrx_word' id='word_1_123' title='bbox 874 2427 975 2485; x_wconf 85' lang='lat' dir='ltr'><strong>iactis:</strong></span> 
     </span>
     <span class='ocr_line' id='line_1_21' title="bbox 304 2530 922 2594; baseline -0.01 -1"><span class='ocrx_word' id='word_1_124' title='bbox 304 2535 365 2594; x_wconf 89' lang='lat' dir='ltr'><strong>Nec</strong></span> <span class='ocrx_word' id='word_1_125' title='bbox 383 2534 461 2593; x_wconf 89' lang='lat' dir='ltr'><strong>sinet</strong></span> <span class='ocrx_word' id='word_1_126' title='bbox 479 2533 529 2590; x_wconf 89' lang='lat' dir='ltr'><strong>ille</strong></span> <span class='ocrx_word' id='word_1_127' title='bbox 546 2544 617 2591; x_wconf 89' lang='lat' dir='ltr'><strong>tuos</strong></span> <span class='ocrx_word' id='word_1_128' title='bbox 631 2530 702 2590; x_wconf 89' lang='lat' dir='ltr'><strong>litus</strong></span> <span class='ocrx_word' id='word_1_129' title='bbox 715 2547 802 2589; x_wconf 88' lang='lat' dir='ltr'><strong>arare</strong></span> <span class='ocrx_word' id='word_1_130' title='bbox 817 2532 922 2589; x_wconf 88' lang='lat' dir='ltr'><strong>hoves.</strong></span> 
     </span>
     <span class='ocr_line' id='line_1_22' title="bbox 262 2635 1127 2712; baseline -0.003 -13"><span class='ocrx_word' id='word_1_131' title='bbox 262 2641 323 2699; x_wconf 82' lang='lat' dir='ltr'><strong>Fac</strong></span> <span class='ocrx_word' id='word_1_132' title='bbox 343 2639 433 2696; x_wconf 92' lang='lat' dir='ltr'><strong>modo</strong></span> <span class='ocrx_word' id='word_1_133' title='bbox 452 2646 629 2697; x_wconf 85' lang='lat' dir='ltr'><strong>constanter</strong></span> <span class='ocrx_word' id='word_1_134' title='bbox 649 2635 813 2712; x_wconf 81' lang='lat' dir='ltr'><strong>profugum</strong></span> <span class='ocrx_word' id='word_1_135' title='bbox 833 2647 949 2695; x_wconf 86' lang='lat' dir='ltr'><strong>tueare:</strong></span> <span class='ocrx_word' id='word_1_136' title='bbox 965 2638 1047 2712; x_wconf 90' lang='lat' dir='ltr'><strong>quod</strong></span> <span class='ocrx_word' id='word_1_137' title='bbox 1067 2637 1127 2709; x_wconf 87' lang='lat' dir='ltr'><strong>illc,</strong></span> 
     </span>
     <span class='ocr_line' id='line_1_23' title="bbox 308 2727 999 2818; baseline 0.003 -18"><span class='ocrx_word' id='word_1_138' title='bbox 308 2742 364 2811; x_wconf 81' lang='lat' dir='ltr'><strong>Qui</strong></span> <span class='ocrx_word' id='word_1_139' title='bbox 384 2727 462 2800; x_wconf 84' lang='lat' dir='ltr'><strong>bene</strong></span> <span class='ocrx_word' id='word_1_140' title='bbox 480 2740 618 2812; x_wconf 77' lang='lat' dir='ltr'><strong>termut,</strong></span> <span class='ocrx_word' id='word_1_141' title='bbox 636 2757 699 2799; x_wconf 91' lang='lat' dir='ltr'><strong>non</strong></span> <span class='ocrx_word' id='word_1_142' title='bbox 717 2750 815 2816; x_wconf 84' lang='lat' dir='ltr'><strong>rogat,</strong></span> <span class='ocrx_word' id='word_1_143' title='bbox 831 2741 896 2817; x_wconf 87' lang='lat' dir='ltr'><strong>ipsa</strong></span> <span class='ocrx_word' id='word_1_144' title='bbox 910 2757 999 2818; x_wconf 82' lang='lat' dir='ltr'><strong>rogo.</strong></span> 
     </span>
    </p>
   </div>
   <div class='ocr_carea' id='block_1_3' title="bbox 610 2967 859 3022">
    <p class='ocr_par' dir='ltr' id='par_1_3' title="bbox 610 2967 859 3022">
     <span class='ocr_line' id='line_1_24' title="bbox 610 2967 859 3022; baseline 0.004 -3"><span class='ocrx_word' id='word_1_145' title='bbox 610 2968 639 3019; x_wconf 84' lang='grc' dir='ltr'><strong>Ε</strong></span> <span class='ocrx_word' id='word_1_146' title='bbox 646 2968 706 3021; x_wconf 79' lang='grc' dir='ltr'><strong>ΙιΕ</strong></span> <span class='ocrx_word' id='word_1_147' title='bbox 712 2967 802 3022; x_wconf 73' lang='lat' dir='ltr'><strong>(ala</strong></span> <span class='ocrx_word' id='word_1_148' title='bbox 813 2970 859 3021; x_wconf 79' lang='lat' dir='ltr'><strong>V.</strong></span> 
     </span>
    </p>
   </div>
   <div class='ocr_carea' id='block_1_4' title="bbox 257 3187 1077 3692">
    <p class='ocr_par' dir='ltr' id='par_1_4' title="bbox 265 3187 1007 3371">
     <span class='ocr_line' id='line_1_25' title="bbox 265 3187 1007 3248; baseline -0.001 -1"><span class='ocrx_word' id='word_1_149' title='bbox 265 3187 394 3248; x_wconf 74' lang='lat' dir='ltr'><strong>Annuus</strong></span> <span class='ocrx_word' id='word_1_150' title='bbox 409 3187 570 3246; x_wconf 88' lang='lat' dir='ltr'><strong>adsuetum</strong></span> <span class='ocrx_word' id='word_1_151' title='bbox 587 3187 718 3246; x_wconf 89' lang='lat' dir='ltr'><strong>dominae</strong></span> <span class='ocrx_word' id='word_1_152' title='bbox 734 3187 841 3246; x_wconf 89' lang='lat' dir='ltr'><strong>natalis</strong></span> <span class='ocrx_word' id='word_1_153' title='bbox 856 3189 1007 3246; x_wconf 88' lang='lat' dir='ltr'><strong>honorem</strong></span> 
     </span>
     <span class='ocr_line' id='line_1_26' title="bbox 304 3293 964 3371; baseline -0.003 -19"><span class='ocrx_word' id='word_1_154' title='bbox 304 3293 414 3371; x_wconf 81' lang='lat' dir='ltr'><strong>Exigit:</strong></span> <span class='ocrx_word' id='word_1_155' title='bbox 431 3293 483 3364; x_wconf 89' lang='lat' dir='ltr'><strong>ite,</strong></span> <span class='ocrx_word' id='word_1_156' title='bbox 502 3309 621 3364; x_wconf 79' lang='lat' dir='ltr'><strong>manuS,</strong></span> <span class='ocrx_word' id='word_1_157' title='bbox 637 3295 676 3353; x_wconf 92' lang='lat' dir='ltr'><strong>ad</strong></span> <span class='ocrx_word' id='word_1_158' title='bbox 694 3293 743 3369; x_wconf 85' lang='lat' dir='ltr'><strong>pia</strong></span> <span class='ocrx_word' id='word_1_159' title='bbox 758 3310 859 3364; x_wconf 88' lang='lat' dir='ltr'><strong>sacra,</strong></span> <span class='ocrx_word' id='word_1_160' title='bbox 875 3310 964 3352; x_wconf 82' lang='lat' dir='ltr'><strong>meae.</strong></span> 
     </span>
    </p>

    <p class='ocr_par' dir='ltr' id='par_1_5' title="bbox 257 3402 977 3586">
     <span class='ocr_line' id='line_1_27' title="bbox 257 3402 977 3479; baseline -0.004 -15"><span class='ocrx_word' id='word_1_161' title='bbox 257 3403 310 3464; x_wconf 86' lang='lat' dir='ltr'><strong>Sic</strong></span> <span class='ocrx_word' id='word_1_162' title='bbox 327 3404 480 3479; x_wconf 90' lang='lat' dir='ltr'><strong>quondam</strong></span> <span class='ocrx_word' id='word_1_163' title='bbox 495 3402 605 3461; x_wconf 86' lang='lat' dir='ltr'><strong>festum</strong></span> <span class='ocrx_word' id='word_1_164' title='bbox 620 3402 755 3461; x_wconf 76' lang='lat' dir='ltr'><strong>Laertius</strong></span> <span class='ocrx_word' id='word_1_165' title='bbox 770 3402 870 3479; x_wconf 81' lang='lat' dir='ltr'><strong>egerit</strong></span> <span class='ocrx_word' id='word_1_166' title='bbox 883 3403 977 3461; x_wconf 91' lang='lat' dir='ltr'><strong>heros</strong></span> 
     </span>
     <span class='ocr_line' id='line_1_28' title="bbox 303 3509 975 3586; baseline -0.006 -16"><span class='ocrx_word' id='word_1_167' title='bbox 303 3511 416 3570; x_wconf 81' lang='lat' dir='ltr'><strong>Forsan</strong></span> <span class='ocrx_word' id='word_1_168' title='bbox 431 3511 462 3569; x_wconf 92' lang='lat' dir='ltr'><strong>in</strong></span> <span class='ocrx_word' id='word_1_169' title='bbox 481 3519 619 3569; x_wconf 85' lang='lat' dir='ltr'><strong>extremo</strong></span> <span class='ocrx_word' id='word_1_170' title='bbox 637 3509 780 3586; x_wconf 65' lang='lat' dir='ltr'><strong>conjugis</strong></span> <span class='ocrx_word' id='word_1_171' title='bbox 794 3511 870 3570; x_wconf 87' lang='lat' dir='ltr'><strong>orbe</strong></span> <span class='ocrx_word' id='word_1_172' title='bbox 885 3510 975 3570; x_wconf 90' lang='lat' dir='ltr'><strong>diem.</strong></span> 
     </span>
    </p>

    <p class='ocr_par' dir='ltr' id='par_1_6' title="bbox 258 3615 1077 3692">
     <span class='ocr_line' id='line_1_29' title="bbox 258 3615 1077 3692; baseline -0.01 -12"><span class='ocrx_word' id='word_1_173' title='bbox 258 3617 376 3692; x_wconf 85' lang='lat' dir='ltr'><strong>Lingua</strong></span> <span class='ocrx_word' id='word_1_174' title='bbox 390 3616 495 3675; x_wconf 83' lang='lat' dir='ltr'><strong>favens</strong></span> <span class='ocrx_word' id='word_1_175' title='bbox 513 3615 610 3686; x_wconf 86' lang='lat' dir='ltr'><strong>adsit,</strong></span> <span class='ocrx_word' id='word_1_176' title='bbox 627 3616 789 3691; x_wconf 83' lang='lat' dir='ltr'><strong>longorum</strong></span> <span class='ocrx_word' id='word_1_177' title='bbox 805 3615 899 3674; x_wconf 88' lang='lat' dir='ltr'><strong>oblita</strong></span> <span class='ocrx_word' id='word_1_178' title='bbox 917 3616 1077 3683; x_wconf 90' lang='lat' dir='ltr'><strong>malorum;</strong></span> 
     </span>
    </p>
   </div>
   <div class='ocr_carea' id='block_1_5' title="bbox 301 3720 1115 3879">
    <p class='ocr_par' dir='ltr' id='par_1_7' title="bbox 301 3720 1115 3879">
     <span class='ocr_line' id='line_1_30' title="bbox 301 3720 1085 3879; baseline -0.001 -98"><span class='ocrx_word' id='word_1_179' title='bbox 301 3722 385 3793; x_wconf 80' lang='lat' dir='ltr'><strong>Quae,</strong></span> <span class='ocrx_word' id='word_1_180' title='bbox 401 3732 487 3801; x_wconf 84' lang='lat' dir='ltr'><strong>puto,</strong></span> <span class='ocrx_word' id='word_1_181' title='bbox 505 3720 650 3784; x_wconf 84' lang='lat' dir='ltr'><strong>dedidicit</strong></span> <span class='ocrx_word' id='word_1_182' title='bbox 661 3721 729 3796; x_wconf 84' lang='lat' dir='ltr'><strong>jam</strong></span> <span class='ocrx_word' id='word_1_183' title='bbox 750 3720 831 3781; x_wconf 89' lang='lat' dir='ltr'><strong>bona</strong></span> <span class='ocrx_word' id='word_1_184' title='bbox 845 3721 939 3780; x_wconf 84' lang='lat' dir='ltr'><strong>rerba</strong></span> <span class='ocrx_word' id='word_1_185' title='bbox 957 3720 1052 3798; x_wconf 87' lang='lat' dir='ltr'><strong>loqui:</strong></span> <span class='ocrx_word' id='word_1_186' title='bbox 1071 3810 1085 3879; x_wconf 70' lang='grc'><strong>1</strong></span> 
     </span>
     <span class='ocr_line' id='line_1_31' title="bbox 1096 3813 1115 3877; baseline 0 0"><span class='ocrx_word' id='word_1_187' title='bbox 1096 3813 1115 3877; x_wconf 71' lang='lat' dir='ltr'><strong>i</strong></span> 
     </span>
    </p>
   </div>
   <div class='ocr_carea' id='block_1_6' title="bbox 0 0 1470 5002">
    <p class='ocr_par' dir='ltr' id='par_1_8' title="bbox 0 0 1470 5002">
     <span class='ocr_line' id='line_1_32' title="bbox 0 0 1470 5002; baseline 0 0"><span class='ocrx_word' id='word_1_188' title='bbox 0 0 1470 5002; x_wconf 95' lang='lat' dir='ltr'><strong> </strong></span> 
     </span>
    </p>
   </div>
  </div>
 </body>
</html>
