2932 5002
717 379 839 436 -45,

302 506 450 567 Carmina:
468 505 536 581 quls
552 505 671 565 dubitet
686 504 809 563 numina
826 515 909 563 tunm
925 506 1026 580 scqui‘l

260 613 358 673 Vertit
372 611 523 672 Aristiden
538 611 677 672 Sisenna:
695 627 752 670 nec
768 609 866 669 obluit
881 610 931 668 nili

302 719 441 778 ilistoriae
456 729 562 794 turpes
577 716 743 777 inseruisse
757 718 859 792 jocos.

259 825 321 884 Nec
335 824 391 884 luit
405 822 573 900 opprobrio
589 823 762 882 celebrasse
777 822 925 899 Lycorida
941 823 1038 898 Gallo,

308 931 368 991 Sed
382 930 517 1007 linguam
532 929 624 989 nimio
640 946 702 988 non
718 929 853 989 tenuisse
868 947 964 988 mere.

260 1037 395 1098 Credere
403 1036 520 1112 juranti
535 1037 646 1097 durum
661 1046 748 1112 putat
763 1046 833 1097 esse
846 1036 996 1108 TibulluS,

304 1147 353 1208 Sic
368 1147 458 1208 etiam
473 1148 511 1208 dc
526 1165 559 1208 se
572 1149 656 1224 quod
671 1158 762 1224 neget
777 1147 828 1206 illu
843 1147 920 1207 viru.

265 1252 383 1312 Fallere
398 1254 558 1313 custodem
573 1253 696 1312 demum
711 1251 853 1311 docuisse
866 1252 988 1323 latetur,

305 1362 403 1437 Seque
418 1376 473 1420 sua
488 1359 633 1420 miserum
649 1374 731 1417 nunc
746 1357 787 1418 uit
801 1368 867 1418 arte
881 1359 990 1434 premi.

262 1469 350 1545 Saepe
364 1468 446 1528 velut
459 1483 610 1544 gemmam
625 1464 757 1526 duminae
772 1465 931 1543 signumve
946 1467 1106 1543 probaret,

310 1575 367 1636 Per
381 1591 504 1635 causam
519 1573 655 1636 meminit
669 1591 703 1635 se
717 1573 853 1652 tetigisse
868 1591 1002 1635 manum.

262 1677 361 1758 thue
375 1683 480 1754 refert,
496 1681 598 1758 digitis
613 1698 695 1759 saepe
710 1692 757 1742 est
771 1692 908 1758 nutuque
923 1682 1056 1753 locutus,

308 1788 344 1847 Et
359 1787 481 1848 tacitam
496 1803 610 1847 mensae
625 1786 713 1848 duxit
726 1786 756 1845 in
771 1787 846 1847 orbe
859 1797 973 1847 notam.

266 1892 304 1951 Et
319 1891 431 1968 quibus
446 1909 462 1950 e
477 1891 578 1950 succis
592 1891 681 1950 abeat
694 1892 733 1949 de
749 1907 881 1966 corpore
895 1890 983 1961 livor,

310 1998 476 2073 impresso,
493 1994 557 2054 sieri
574 1993 625 2070 qui
640 1994 729 2065 solet,
747 2009 811 2064 ore,
826 1994 927 2054 docet.

269 2101 408 2176 Denique
422 2101 460 2161 ab
474 2100 597 2161 incauto
612 2099 738 2161 nimium
753 2099 829 2177 petit
843 2099 892 2160 ille
907 2101 1027 2174 marito,

306 2210 345 2269 Se
359 2225 482 2285 queque
497 2208 539 2269 nti
554 2218 664 2280 servet,
682 2218 791 2286 peccet
804 2219 839 2269 ut
852 2206 902 2268 illa
917 2209 1028 2269 minus.

274 2315 337 2377 Scit
350 2316 401 2375 cni
414 2316 552 2388 latretur,
569 2334 639 2377 cum
655 2317 739 2376 solus
754 2317 930 2376 obambulet
944 2317 1020 2393 ipsc:

304 2422 363 2482 Cur
377 2421 467 2482 toties
482 2422 601 2482 clausas
616 2431 758 2481 exscreet
771 2432 842 2480 ante
858 2421 951 2481 iores.

264 2529 417 2605 Multaque
432 2529 484 2589 dat
497 2529 570 2588 furti
586 2528 653 2588 talis
667 2538 834 2606 praeceptu,
850 2529 1003 2604 ducetque

305 2636 368 2706 Qua
383 2645 487 2712 nuptae
502 2634 622 2712 possint
636 2635 741 2694 fallere
755 2634 794 2694 ab
809 2644 874 2695 arte
889 2634 982 2694 viros.

264 2742 323 2803 Nec
338 2742 395 2802 luit
408 2742 468 2802 hoc
484 2741 526 2801 illi
541 2742 651 2814 fraudi,
668 2741 841 2820 legiturque
856 2741 1004 2815 Tibullus,

307 2850 344 2909 Et
357 2848 469 2925 placet:
486 2857 517 2908 et
527 2848 591 2924 Jum
607 2858 637 2909 te
652 2847 790 2926 principe
805 2858 896 2909 notus
912 2859 988 2909 erat.

261 2955 398 3017 invenies
413 2957 519 3016 eadem
534 2957 639 3018 blandi
653 2967 810 3035 praeccpta
826 2959 976 3034 Properti:

300 3064 459 3126 ilistrictus
473 3065 596 3127 minima
611 3083 668 3126 nec
683 3077 784 3126 tumen
799 3065 849 3125 ille
865 3076 937 3126 ncta
952 3077 1008 3126 est.

260 3167 311 3231 llis
325 3188 383 3247 ego
399 3170 545 3231 successi:
562 3171 708 3247 quoniam
722 3171 901 3250 praestuntiu
916 3174 1033 3231 candor

302 3278 429 3338 Nomina
443 3278 582 3338 rivorum
596 3279 790 3340 dissimulare
801 3280 902 3353 jubet.

261 3382 327 3441 Non
341 3381 438 3452 timui,
451 3382 561 3453 fateor,
576 3400 615 3441 ne
630 3399 689 3458 qua
705 3392 750 3442 tut
764 3382 827 3441 iere
842 3381 967 3453 carinae,

303 3489 463 3565 Naufraga,
481 3489 608 3549 servatis
625 3489 779 3559 omnibus
796 3505 857 3549 unu
872 3490 963 3550 foret.

263 3597 340 3654 Sunt
353 3592 419 3652 aliis
435 3592 569 3670 scriptae,
586 3593 696 3668 quibus
711 3596 777 3653 alea
791 3593 917 3664 luditur,
935 3603 1028 3653 artes:

305 3701 375 3759 llaec
391 3709 438 3760 est
451 3700 491 3759 ad
505 3710 629 3760 nostrus
644 3717 705 3759 non
719 3700 785 3759 leve
800 3698 915 3759 crimen
930 3716 1014 3760 avos:
