2932 5002
723 373 844 435 „gg-

299 502 402 563 Iiictus
417 504 455 564 ab
470 503 601 580 antiquis
616 504 739 564 Axenus
754 503 806 563 ille
819 504 885 564 luit.

259 610 331 668 Nam
348 628 448 688 neque
459 612 615 688 jactantur
630 610 796 672 moderatis
811 628 937 688 aequora
952 615 1061 688 ventis,

300 720 361 779 Nec
376 719 513 796 placidos
528 731 637 799 portus
652 720 772 798 hospita
789 720 873 781 navis
888 721 961 782 adit.

260 826 337 885 Sunt
351 825 432 885 circa
447 837 554 904 gentes
570 843 639 903 quae
652 827 791 904 praedam
805 827 953 905 sanguine
968 842 1121 905 quaerant:

303 935 363 995 Nec
379 935 479 995 minus
493 936 585 997 infida
600 946 682 996 terra
698 936 821 997 timetur
836 954 925 1013 aqua.

260 1040 316 1113 lili,
337 1059 415 1118 quos
430 1041 516 1103 audis
532 1041 689 1101 hominum
704 1043 840 1120 gaudere
858 1059 985 1116 cruore,

304 1148 393 1208 Paene
408 1150 465 1209 sub
480 1149 618 1225 ejusdem
634 1148 742 1209 sideris
761 1166 817 1208 axe
828 1150 944 1225 Jacent.

262 1255 321 1314 Nec
338 1256 446 1332 procul
461 1273 478 1314 a
493 1255 582 1315 nobis
598 1255 684 1315 locus
700 1266 757 1327 est,
774 1249 826 1315 not
840 1255 968 1317 Taurica
983 1257 1049 1318 dira

303 1364 392 1424 Caede
406 1364 592 1442 pharetratae
605 1364 742 1440 pascitur
756 1380 809 1424 ara
828 1366 905 1425 dete.

264 1472 336 1529 llaec
353 1469 450 1547 prius,
468 1481 501 1531 ut
516 1480 699 1542 memorant,
717 1488 780 1530 non
793 1469 941 1532 invidiosa
956 1473 1107 1546 nefandis,

306 1577 367 1636 Nec
381 1576 531 1654 cupienda
546 1576 647 1650 bonis,
664 1593 759 1655 regna
773 1577 917 1639 Thoantis
929 1589 1026 1639 emnt.

266 1685 319 1746 llic
335 1702 393 1763 pro
408 1685 567 1764 subposita
583 1685 667 1765 virgo
683 1686 823 1765 Pelopeia
846 1703 936 1748 cerva

308 1795 400 1854 Sacra
418 1792 486 1854 deae
499 1794 595 1855 coluit
610 1794 844 1872 qualiacumque
859 1812 933 1856 suae.

268 1898 333 1969 Quo
346 1909 521 1976 postquam,
538 1899 664 1960 dubium
680 1900 750 1978 pius
763 1917 801 1959 an
817 1901 995 1975 sceleratus,
1012 1901 1133 1965 Orestes

311 2008 444 2068 Exactus
459 2009 545 2069 soriis
560 2021 685 2070 venerat
700 2009 766 2087 ipse
780 2010 854 2083 suis,
1002 2018 1005 2023 '

269 2115 307 2173 Et
326 2131 430 2174 comes
446 2116 621 2192 exemplum
638 2116 701 2176 reri
716 2117 864 2178 Plroeaeus
877 2106 1004 2192 amoris,¹

316 2223 371 2293 Qui
386 2224 447 2283 duo
463 2224 657 2301 corporibus,
674 2226 825 2286 mentibos
841 2244 921 2287 unus
932 2238 1032 2300 erant3=

273 2329 414 2392 Protinus
433 2330 543 2393 evincti
559 2332 667 2392 Triviae
682 2334 836 2394 ducuntur
850 2335 890 2396 ad
904 2351 998 2408 aram,

317 2439 390 2510 Quae
406 2440 506 2501 stabat
525 2439 661 2517 geminas
671 2451 741 2502 ante
756 2451 882 2502 eruenta
897 2442 989 2503 fores.

273 2546 334 2605 Nec
351 2557 451 2606 tamen
470 2549 551 2608 lrune
567 2565 621 2608 sua
638 2565 734 2622 mors,
751 2566 808 2609 nec
823 2566 907 2609 mors
921 2566 976 2611 sua
991 2536 1098 2613 terruit
1112 2552 1209 2614 illum:

317 2653 401 2713 Alter
419 2656 458 2715 ob
473 2655 600 2716 alterius
615 2656 721 2716 sunem
736 2666 865 2717 moestus
880 2668 955 2717 erat.
984 2666 987 2671 '
1035 2644 1039 2649 ’

277 2759 313 2816 Εῑ
324 2760 388 2834 jam
404 2760 587 2820 constiterat
601 2761 708 2821 stricto
723 2777 871 2822 mucrone
885 2766 1041 2838 sacerdos,

319 2863 460 2925 cinxerat
475 2877 506 2926 et
520 2866 623 2926 Graias
638 2867 767 2927 barbara
782 2867 853 2929 vitta
868 2887 984 2943 eomas;
1058 2858 1062 2867 ’
1080 2878 1084 2889 ’

278 2972 352 3030 Cum
365 2971 430 3032 vice
445 2974 596 3036 sermonis
611 2976 735 3037 fratrem
751 2979 904 3056 cognovit,
921 2991 952 3041 et
966 2980 1008 3039 illi

319 3079 377 3139 Pro
393 3097 469 3141 nece
484 3083 665 3160 complexus
680 3083 835 3162 lphigenia
850 3085 943 3147 dedit.

275 3186 356 3246 Laeta
370 3188 436 3247 deae
452 3187 571 3266 signum
587 3189 722 3249 crudelia
736 3207 822 3250 saera
841 3208 973 3270 perosae,

318 3293 484 3354 'lranstulit
502 3312 541 3355 ex
558 3295 616 3356 illis
638 3295 668 3355 in
686 3297 813 3357 meliora
830 3298 917 3358 locis.

278 3401 348 3463 llaec
365 3399 457 3477 igitur
472 3401 558 3478 regio
578 3402 683 3480 magni
700 3419 771 3481 pars
786 3402 891 3474 ultima
905 3407 1021 3479 mundi,

320 3506 416 3576 Quam
431 3507 537 3583 lugere
552 3507 690 3568 homines
709 3508 810 3585 dique,
827 3508 1000 3587 propinqua
1014 3511 1086 3571 milri
1104 3530 1148 3572 es.

279 3612 376 3688 Atque
393 3629 491 3673 meam
507 3625 621 3674 terram
636 3632 735 3693 prope
752 3625 824 3674 sunt
839 3615 977 3677 funebria
992 3633 1090 3692 sacra,

319 3716 348 3776 Si
364 3718 457 3778 modo
476 3719 587 3780 Nasoni
603 3722 733 3780 barbara
749 3732 830 3781 terra
844 3738 898 3782 sua
913 3732 970 3783 est.
