2932 5002
713 384 836 447 ...54-

297 513 402 574 Nullus
416 512 576 591 Apollinea
595 514 647 590 qui
664 516 746 578 levet
759 527 827 578 arte
842 518 977 579 malum.

255 623 319 684 Non
337 624 388 700 qui
404 624 532 695 soletur,
550 641 614 685 non
630 625 682 701 qui
697 625 831 687 labentia
848 627 938 689 tarde

298 732 448 807 Tempora
470 733 624 791 narrando
640 731 735 803 sallat,
753 731 871 793 amicus
885 733 985 794 adest.

257 836 368 898 Lassus
387 837 417 897 in
432 838 578 900 extremis
590 840 680 914 jaceo
695 839 879 916 populisque
900 839 1051 915 locisque:

299 948 336 1007 m
350 947 432 1007 subit
447 947 568 1007 adiecto
584 965 666 1007 nunc
682 947 754 1007 mihi
769 946 917 1024 quidquid
928 949 1026 1011 abest.

256 1054 360 1114 Ouinia
376 1072 445 1116 cum
461 1057 602 1128 subeant,
621 1055 717 1115 vincis
732 1066 833 1116 tamen
853 1056 966 1128 ourrria,
991 1056 1120 1132 conjux,

299 1164 336 1222 Et
350 1163 420 1239 plus
435 1163 465 1222 iu
482 1174 590 1224 nostro
605 1173 732 1241 pectore
753 1173 841 1240 parte
858 1174 957 1224 tenes.

258 1272 299 1330 Te
317 1271 429 1346 loquor
444 1271 615 1341 absentenu
637 1282 665 1331 te
680 1288 741 1331 rox
756 1287 824 1331 mea
838 1272 975 1333 nominat
990 1288 1096 1334 unam:

299 1377 386 1437 Nulla
401 1377 484 1437 renit
498 1377 566 1438 sine
580 1388 611 1438 te
631 1395 693 1438 nox
708 1377 793 1451 milri,
811 1380 894 1439 nulla
910 1379 986 1440 dies.

258 1485 334 1556 Quin
349 1486 440 1546 etiam
455 1485 499 1547 sie
515 1502 564 1546 me
579 1485 686 1546 dicunt
700 1485 798 1546 aliena
814 1488 966 1560 locutum,

301 1595 339 1655 Ut
352 1594 433 1655 foret
447 1594 577 1654 amentis
595 1611 707 1655 nomen
728 1594 759 1654 in
777 1612 831 1655 ore
846 1605 945 1655 tuum.

262 1701 292 1762 Si
304 1702 368 1778 jam
384 1701 533 1774 deficiam,
550 1718 779 1778 suppressaque
797 1700 901 1778 lingua
918 1703 1024 1779 palato

304 1810 360 1869 Vix
374 1810 519 1871 instillato
532 1810 721 1871 restituenda
737 1827 837 1881 mero;

258 1918 381 1980 Nuntiet
394 1919 454 1979 huc
469 1918 578 1996 aliquis
593 1917 748 1980 dominam
762 1917 894 1991 venisse,
912 1935 1085 1997 resurgam:

299 2029 436 2104 Spesque
451 2025 495 2085 tui
509 2025 599 2086 nobis
614 2042 706 2086 causa
720 2025 836 2103 vigoris
854 2025 922 2086 erit.

256 2138 337 2213 Ergo
351 2151 409 2210 ego
424 2151 493 2193 sum
510 2133 580 2194 vitm
595 2134 718 2195 dubius:
736 2145 768 2196 tu
783 2135 912 2196 forsitan
927 2135 987 2194 illic

309 2241 482 2302 lucundum
497 2239 596 2300 nostri
610 2240 714 2301 nescia
728 2251 851 2318 tempus
865 2241 945 2318 agis?

263 2356 330 2416 Non
345 2353 422 2432 agis,
439 2352 569 2413 affirmo:
586 2351 683 2428 liquet
696 2352 768 2426 hoc,
785 2351 953 2424 carissima,
971 2351 1076 2425 nobis,

302 2463 434 2539 Tempus
449 2459 498 2538 agi
519 2459 585 2520 sine
601 2476 650 2519 mc
664 2477 728 2520 non
743 2457 801 2520 nisi
816 2457 903 2519 triste
919 2458 983 2520 tibi.

261 2573 291 2633 Si
305 2583 406 2634 tamon
421 2570 557 2649 implevit
571 2588 639 2632 mea
655 2589 723 2632 sors
739 2558 818 2648 quo's
833 2570 939 2631 debuit
953 2587 1062 2642 annos,

307 2681 343 2739 Et
358 2678 431 2739 milri
445 2676 564 2738 vivendi
579 2688 641 2738 tam
658 2677 718 2738 cito
732 2677 800 2738 linis
815 2677 914 2749 adest;

261 2788 412 2857 Quamum
426 2795 501 2856 erat,
519 2802 538 2843 o
553 2784 666 2860 magni,
683 2783 822 2860 perituro
841 2799 979 2860 parcere,
1000 2783 1072 2855 diri,

191 2971 194 2977 Ι
305 2896 343 2957 Ut
358 2895 465 2955 saltem
481 2891 578 2970 patria
594 2893 826 2953 contumularer
840 2892 946 2952 humo!

263 3005 316 3065 Vel
334 3019 427 3082 poena
442 3001 472 3061 in
491 2999 598 3063 mortis
616 3011 738 3078 tempus
754 3001 845 3062 dilata
862 3001 983 3073 suisset,

304 3115 358 3175 Vel
372 3112 573 3191 praecepisset
587 3128 671 3173 mors
686 3123 852 3190 properata
872 3112 986 3190 lugam.

262 3223 384 3302 Integer
398 3223 477 3281 hanc
492 3219 578 3297 potui
593 3237 692 3297 nuper
705 3221 785 3280 bene
800 3220 929 3281 reddere
944 3220 1059 3281 lucem:

304 3329 397 3390 Exsul
413 3338 447 3388 ut
462 3326 646 3399 occiderem,
663 3343 745 3386 nuuc
762 3326 833 3386 milri
848 3325 908 3387 rita
923 3327 993 3387 data
1008 3337 1069 3390 est.

265 3437 339 3496 Tam
354 3435 464 3513 procul
478 3432 590 3512 ignotis
602 3432 695 3510 igitur
710 3426 878 3494 moriemur
889 3432 920 3493 in
936 3425 1011 3505 oris,

308 3544 344 3602 Et
362 3542 435 3602 fient
449 3541 517 3618 ipso
532 3540 630 3602 tristia
644 3541 706 3602 lata
723 3540 809 3601 loco?

266 3650 327 3710 Nec
341 3665 409 3708 mea
424 3658 573 3710 consueto
588 3650 790 3727 languescent
805 3663 938 3724 corpora
952 3647 1050 3710 lecto?

307 3753 487 3834 Depositum
499 3772 557 3816 nec
572 3773 621 3817 me
637 3754 689 3833 qui
704 3756 775 3816 lleat
789 3752 959 3815 alluserit?
