2932 5002
700 401 821 458 ...2ss-

618 650 800 704 EIAEGIA
813 650 862 704 X.

250 845 305 905 llic
325 854 432 916 status,
452 845 519 904 haeo
535 861 640 906 rorum
656 861 739 904 nunc
757 854 804 903 est
821 844 944 903 fortuna
959 859 1073 903 mourut

288 950 401 1010 Debent
418 960 452 1009 ut
466 949 607 1026 lacrymis
623 950 726 1010 nullus
742 950 852 1010 adesse
869 949 990 1008 modus.

249 1058 285 1115 tlt
303 1073 370 1117 mea
387 1056 447 1117 sint
469 1056 596 1134 proprio
615 1055 752 1133 quamvis
768 1054 963 1116 moestissima
980 1071 1054 1116 casu

290 1166 428 1236 Pectora;
440 1164 582 1241 profectu
599 1164 679 1223 lacta
698 1178 806 1222 serena
821 1172 885 1223 tuo.

248 1271 310 1328 lloo
323 1268 377 1329 tibi
391 1279 553 1327 venturum
561 1267 626 1343 jam
641 1278 718 1340 tum,
737 1267 905 1339 carissime,
920 1267 992 1338 vidi,

288 1377 392 1436 Ferret
411 1375 511 1435 adhuc
528 1376 618 1434 istam
636 1392 707 1435 cum
728 1374 830 1436 minor
844 1391 919 1435 aura
934 1386 1042 1435 ratem.

252 1484 319 1542 Sive
335 1482 459 1557 aliquod
477 1498 610 1554 morum,
633 1499 688 1542 seu
706 1481 774 1542 vitae
793 1483 862 1543 labe
878 1482 1011 1544 carentis

291 1588 344 1647 Est
358 1586 501 1663 pretium;
521 1603 613 1647 nemo
631 1587 727 1664 pluris
746 1586 906 1647 habendus
921 1587 988 1648 orit.

252 1694 319 1755 Sive
336 1711 392 1772 per
411 1695 559 1772 ingenuas
579 1694 688 1771 aliquis
702 1706 796 1772 caput
812 1694 920 1756 extulit
940 1705 1033 1766 artes,

293 1799 440 1870 Quaelibet
454 1799 577 1877 eloquio
597 1801 631 1859 stt
645 1801 727 1860 hona
740 1816 832 1861 causa
849 1811 912 1861 tuo.

250 1909 304 1968 llis
320 1926 378 1985 ego
394 1920 577 1981 commotus,
596 1909 659 1970 dixi
684 1909 737 1971 tihi
748 1908 889 1987 protinus
903 1909 973 1986 ipsi:
1023 1922 1025 1926 ’

294 2017 391 2075 scena
408 2027 511 2076 manet
529 2018 617 2076 dotes
631 2016 768 2094 grandis,
788 2017 897 2089 amico,
914 2027 993 2076 tuas.

257 2122 328 2180 llaec
348 2119 421 2180 mihi
435 2139 497 2180 non
513 2122 615 2182 ovium
628 2121 714 2183 fibrae
741 2120 910 2183 tonitrusve
924 2122 1049 2194 sinistri,

298 2226 449 2303 linguave
469 2237 609 2299 servatae,
627 2243 767 2303 pennave
781 2226 857 2288 dixit
872 2227 946 2299 avis;

259 2330 427 2409 Augurium
442 2331 520 2392 ratio
536 2341 595 2404 est,
613 2341 643 2391 ot
658 2332 837 2407 conjectura
850 2331 954 2394 luturl:

298 2441 360 2499 llac
381 2438 522 2512 divinavi,
542 2436 742 2515 notitiamque
758 2438 824 2500 tuli.

258 2552 331 2620 Quae
343 2549 487 2626 quoniam
503 2560 569 2610 rata
586 2560 668 2622 sunt,
691 2559 755 2610 tota
774 2547 848 2609 mihi
859 2557 961 2608 mente
976 2547 1090 2625 tibique

297 2660 451 2731 Gratulor,
468 2659 627 2736 ingenium
643 2676 706 2717 non
720 2658 846 2718 latuisse
862 2666 960 2718 tuum.

256 2767 293 2825 At
315 2775 455 2827 nostrum
471 2763 608 2824 tenebris
625 2762 740 2822 utinam
754 2760 892 2823 latuisset
907 2762 939 2822 in
949 2762 1028 2824 imis!

300 2868 441 2946 Enpediit
460 2867 563 2929 studio
576 2869 679 2927 lumen
693 2866 801 2928 abesse
814 2884 894 2929 meo.

258 2979 357 3052 thue
376 2973 429 3034 tibi
445 2986 576 3052 prosunt
594 2985 687 3047 artes,
706 2973 847 3048 facunde,
863 2992 988 3048 severae,

300 3080 468 3141 Dissimiles
487 3079 546 3140 illis
565 3079 609 3140 sic
621 3097 755 3141 nocuere
771 3080 854 3141 mihi.

264 3190 329 3251 l'ita
345 3201 448 3251 tumen
465 3189 521 3250 tihi
537 3198 611 3249 uota
625 3205 693 3248 mea
707 3199 764 3248 est:
780 3188 840 3249 sois
853 3189 970 3251 artibus
983 3189 1042 3248 illis

301 3300 445 3361 Auctoris
461 3317 564 3359 mores
578 3299 763 3360 abstinuisse
777 3299 833 3360 sui.

260 3406 325 3468 Scis
339 3417 427 3467 vetus
444 3408 504 3465 lroc
515 3406 621 3482 juveni
637 3406 738 3466 lusum
752 3405 823 3464 mihi
839 3417 974 3480 carmen,
991 3417 1021 3468 ot
1035 3406 1121 3477 istos,

301 3515 339 3572 Ut
355 3531 417 3572 non
433 3514 615 3586 laudandos,
633 3513 677 3572 sic
692 3524 794 3573 tamen
808 3530 876 3573 esso
886 3513 987 3589 jocos.

259 3623 339 3696 Ergo
354 3632 388 3681 ut
404 3620 525 3682 delendi
539 3622 624 3680 nullo
639 3636 706 3681 mca
721 3637 813 3696 posse
828 3623 944 3695 colore,

301 3726 349 3785 Sic
366 3725 507 3786 excusari
523 3727 649 3788 crimina
664 3743 754 3803 posse
769 3738 856 3803 puto.
