2932 5002
691 387 811 447 ..ιθ-

275 519 351 594 Quid
364 530 446 582 vetat
460 521 537 583 irato
552 537 666 582 numen
681 522 789 582 adesse
804 521 876 581 dent

232 627 330 691 Verba
344 628 435 690 miser
449 631 563 690 frustra
577 647 639 690 nen
654 627 845 706 proficientia
860 627 970 705 perde:

275 737 342 813 lpsa
358 752 465 813 graves
480 745 631 813 spargunt
645 751 699 795 nra
713 734 869 810 loquentis
883 750 983 810 aquae3

233 845 451 920 Terribilisque
464 845 560 904 Notus
570 844 653 920 jacta
668 860 735 903 mea
750 843 843 914 dicta3
859 858 1029 919 precesque

277 955 322 1014 Ad
337 971 416 1029 quus
430 954 592 1023 mittuntur
607 971 670 1013 nnn
685 953 756 1013 sinit
771 953 816 1013 ire
830 955 917 1014 dens.

233 1060 316 1138 Ergo
332 1060 413 1120 idem
428 1060 521 1132 venti,
539 1077 578 1120 ne
593 1076 686 1120 causa
701 1060 796 1119 iaedar
810 1059 841 1117 in
856 1075 928 1131 nna,

274 1165 409 1241 Velaque
423 1165 529 1225 nescio
544 1182 617 1240 qun,
634 1175 767 1240 votaque
781 1175 887 1225 nostra
903 1163 1017 1224 ierunt!

233 1274 279 1333 Ne
293 1273 449 1333 miserum!
467 1273 571 1348 quanti
587 1283 707 1334 montes
721 1273 886 1333 volvuntur
900 1271 1060 1349 aquarum!

274 1380 339 1438 Jam
350 1380 414 1455 Jam
430 1389 566 1438 tacturos
582 1378 683 1439 sidera
697 1394 815 1438 summa
830 1389 931 1455 putes.

234 1485 360 1554 Quantae
375 1485 499 1546 diducto
515 1485 679 1547 subsidunt
692 1502 818 1562 aequore
833 1484 938 1545 valles!

275 1595 340 1653 Jam
352 1594 416 1669 Jam
432 1604 566 1654 tacturus
581 1596 705 1655 Tartara
717 1595 806 1672 nigra
820 1605 923 1671 putes.

236 1699 434 1776 Quocumque
448 1700 609 1777 adspicias,
626 1701 700 1760 nihil
715 1711 762 1762 est
776 1700 834 1761 nisi
848 1711 962 1777 pontus
977 1711 1008 1762 et
1022 1717 1085 1772 aer,

276 1807 431 1867 Fluctibus
446 1806 495 1867 hic
511 1807 646 1880 tumidis,
663 1807 796 1868 nubibus
810 1807 861 1867 ille
876 1807 988 1867 minax.

234 1911 316 1972 Inter
332 1923 498 1989 utrumque
512 1914 648 1974 fremunt
661 1913 786 1975 immani
801 1912 923 1974 turbine
937 1912 1030 1973 venti:

278 2019 390 2089 Nescit,
407 2019 457 2077 cui
472 2019 596 2079 demine
611 2031 728 2097 pareat,
745 2021 827 2080 unda
842 2019 946 2080 maris.

236 2127 310 2185 Num
326 2128 418 2187 modu
433 2145 591 2204 purpureo
605 2128 684 2189 vires
698 2129 779 2205 capit
793 2131 892 2188 Eurus
906 2129 945 2188 ab
960 2137 1041 2188 ortu:

281 2235 367 2294 Nunc
382 2237 536 2313 Zephyrus
551 2254 621 2297 sere
636 2254 763 2314 vespere
778 2237 889 2297 missus
904 2236 1001 2296 adest:

239 2341 324 2402 Nunc
340 2342 458 2420 gelidus
473 2343 554 2403 sicca
569 2345 681 2404 Boreas
696 2346 863 2405 bacchatur
877 2345 916 2404 ab
931 2343 1035 2403 Arcto:

281 2448 367 2509 Nune
382 2450 477 2510 Notus
492 2451 620 2511 adversa
635 2439 739 2529 praelia
754 2453 855 2512 fronte
869 2451 957 2528 gerit.

235 2554 347 2615 Rector
360 2554 391 2613 in
405 2554 524 2616 incerto
539 2566 597 2628 est;
614 2573 672 2616 nec
687 2557 761 2632 quid
775 2555 907 2633 fugiatve
921 2563 1052 2632 petatve,

277 2662 405 2722 Invenit:
422 2663 571 2737 ambiguis
586 2679 636 2723 ars
651 2677 754 2739 stupet
768 2666 834 2740 ipsa
848 2659 946 2725 maiis.

237 2769 362 2829 Scilicet
377 2768 559 2840 cecidimus,
575 2784 632 2829 nee
648 2785 719 2845 spes
733 2768 791 2828 nisi
805 2783 881 2828 vana
895 2768 1011 2831 salutis:

279 2875 418 2951 Dumque
432 2876 556 2952 loquer,
572 2875 675 2935 vultus
690 2871 793 2935 obruit
806 2874 889 2934 unda
902 2890 999 2936 meos.

238 2979 395 3056 opprimet
411 2981 490 3040 hanc
505 2980 637 3041 animam
652 2980 776 3052 fluctus,
792 2978 967 3056 frustraque
984 2980 1122 3059 precanti

283 3086 338 3146 Ore
353 3097 516 3148 necaturas
530 3085 716 3162 accipiemus
730 3102 837 3162 aquas.

235 3200 274 3259 At
289 3197 339 3275 pia
357 3196 398 3255 nil
414 3195 496 3256 aliud
511 3212 603 3272 quam
617 3213 667 3256 me
681 3196 765 3256 dotet
780 3198 887 3256 exsule
902 3197 1028 3273 conjnx:

232 3302 234 3307 '
282 3304 345 3363 Hoc
360 3318 456 3362 unum
470 3301 569 3361 nestri
584 3301 702 3377 scitque
716 3302 871 3380 gemitque
885 3302 967 3362 mali.

236 3409 339 3470 Nescit
353 3408 384 3467 in
400 3408 553 3468 immenso
564 3407 675 3483 jactari
689 3425 822 3486 corpora
838 3417 942 3485 pontn;

274 3512 381 3573 Nescit
399 3512 448 3591 agi
463 3512 573 3585 ventis;
593 3513 692 3575 nescit
706 3515 815 3575 adesse
829 3529 949 3574 necem.

235 3617 269 3677 Di
284 3619 375 3690 hene,
401 3618 485 3694 quod
500 3636 562 3679 non
578 3636 646 3680 snm
662 3636 782 3682 mecum
798 3622 1006 3682 conscendere
1020 3637 1139 3698 passus,

279 3724 321 3783 Ne
337 3723 409 3784 mihi
423 3741 507 3786 mers
523 3725 637 3787 misere
651 3726 699 3787 bis
713 3726 857 3804 patienda
871 3725 961 3787 soreti
