2932 5002
692 356 812 419 45..

242 490 317 562 Quid
330 494 449 553 valeant
463 490 525 563 tali3
543 507 605 568 quo
616 493 716 569 possis
731 493 861 569 plurima
872 495 958 569 jactu

282 597 398 676 Figere,
415 599 580 659 damnosos
594 597 757 676 effugiasve
774 615 877 659 canes:

242 709 369 769 'tessera
383 718 458 784 quot
472 724 617 769 numeros
631 709 752 768 babeat:
770 708 901 769 distante
915 717 1037 778 vocato,

282 813 400 874 Mittere
413 829 475 890 quo
490 815 607 885 deceat,
624 829 685 889 quo
701 813 774 873 dare
788 812 880 872 missa
895 813 997 873 modo:

241 918 379 979 Discolor
392 928 427 979 ut
440 929 527 979 recto
541 928 699 997 grassetur
713 916 807 978 limite
822 917 921 991 miles,

280 1023 354 1085 Cum
367 1022 486 1084 medius
500 1023 622 1101 gemino
638 1022 775 1083 calculus
790 1023 880 1084 hoste
897 1023 989 1101 perit:

241 1133 279 1195 Ut
292 1148 380 1210 mage
393 1132 470 1192 velle
485 1130 572 1208 sequi
586 1130 672 1204 sciat,
690 1140 721 1191 et
735 1148 880 1193 revocare
894 1133 1045 1210 priorem;

283 1239 325 1299 Ne
338 1247 406 1298 tuto
420 1236 539 1315 fugiens
553 1235 749 1298 incomitatus
764 1227 824 1297 ent.

243 1346 337 1405 Parva
350 1344 437 1404 sedet
451 1341 545 1403 ternis
559 1341 709 1403 instructa
724 1342 835 1402 tabella
851 1341 973 1420 lapilliS,

284 1453 318 1516 ln
333 1471 393 1531 qua
405 1452 515 1515 vicisse
528 1463 587 1526 est,
604 1453 800 1515 continuasse
815 1472 900 1515 suos.

243 1559 359 1637 Quique
373 1559 423 1620 alii
437 1561 533 1632 lusus,
550 1577 650 1637 neque
664 1559 745 1620 enim
760 1577 841 1620 nunc
857 1577 1027 1638 persequar
1041 1579 1162 1635 omnes,

284 1666 426 1739 Perdere,
442 1682 508 1726 rem
522 1681 635 1739 caram,
652 1675 791 1743 tempora
805 1675 911 1727 nostra
926 1668 1037 1728 solent.

243 1772 321 1833 Ecce
335 1770 416 1832 canit
429 1771 542 1832 formas
557 1772 633 1832 alius
643 1773 807 1849 jactusque
821 1773 968 1851 pilarum:

288 1875 341 1937 Hic
356 1887 453 1938 artem
467 1877 558 1938 nandi
572 1877 723 1955 praecipit:
740 1877 790 1939 ille
804 1879 915 1939 trochi.

246 1980 419 2059 Composita
433 1992 481 2043 est
494 1982 559 2043 aliis
573 1982 695 2044 fucandi
710 2000 783 2043 cura
798 1984 922 2045 coloris:

288 2089 341 2150 Hic
356 2088 454 2167 epulis
468 2091 551 2167 leges
565 2090 760 2168 hospitioque
775 2091 869 2152 dedit.

246 2199 330 2260 Alter
343 2199 481 2271 humum,
499 2199 537 2259 de
551 2216 611 2275 qun
625 2200 778 2276 fingantur
792 2203 914 2288 pocula,
931 2214 1094 2276 monstrat,

287 2308 431 2383 Quaeque,
447 2309 548 2380 docet,
564 2306 678 2384 liquido
694 2317 770 2368 testa
785 2308 823 2369 sit
836 2320 907 2386 apta
921 2326 1018 2372 mero.

246 2414 326 2476 Talia
340 2414 450 2476 fumosi
464 2417 612 2477 luduntur
625 2432 730 2477 mense
745 2418 928 2491 decembris,

287 2521 360 2594 Quae
374 2522 485 2582 damno
500 2521 575 2583 nulli
589 2521 801 2599 composuisse
816 2523 883 2585 fuit.

134 2692 136 2697 ,
248 2627 299 2688 His
313 2645 371 2706 ego
386 2629 545 2706 deceptus,
561 2645 624 2689 non
639 2628 737 2690 tristia
748 2630 882 2690 carmina
897 2631 968 2702 feci;

289 2736 348 2796 Sed
362 2733 457 2796 tristis
471 2746 595 2796 nostros
610 2752 703 2811 poena
717 2746 823 2795 secuta
834 2737 935 2811 iocos.

248 2840 383 2917 benique
397 2857 455 2900 nec
469 2840 557 2900 video
573 2841 611 2900 de
626 2850 671 2900 tot
687 2840 892 2902 scribentibus
907 2859 1016 2914 nnunt,

302 2946 397 3017 Quem
414 2962 468 3006 sua
482 2945 650 3024 perdiderit
663 2946 758 3007 Musa:
774 2959 915 3025 repertus
929 2966 998 3027 ego.

251 3052 327 3124 Quid
341 3052 367 3113 si
381 3053 572 3130 scripsissem
586 3053 695 3115 mimos
710 3055 856 3115 obscoena
867 3056 1020 3132 jocantes,
1077 3084 1079 3088 ¹

291 3159 346 3230 Qui
360 3177 481 3238 semper
494 3160 556 3221 iicti
569 3160 684 3220 crimen
698 3159 810 3221 amoris
824 3161 951 3222 habent?

251 3268 284 3327 ln
299 3266 409 3345 quibus
424 3267 546 3328 assidue
560 3268 661 3328 cultus
671 3267 813 3345 procedit
827 3267 958 3338 adulter,

291 3375 451 3452 Verbaque
465 3374 517 3434 dat
533 3374 627 3434 stulto
643 3373 753 3433 callida
769 3383 864 3450 nupta
880 3372 972 3431 viro.v

250 3481 365 3543 Nubilis
379 3483 437 3543 bos
453 3481 549 3560 virgo,
566 3492 778 3559 matronaque,
795 3481 912 3557 virque,
930 3497 1070 3558 puerque

294 3591 427 3671 Spectat,
444 3601 475 3651 et
489 3608 528 3650 ex
542 3607 651 3668 magna
665 3599 753 3668 parte
767 3591 896 3650 Senatus
911 3590 1008 3650 adest.

243 3700 312 3760 'Nec
326 3699 399 3762 satis
413 3699 537 3761 incestis
552 3699 696 3763 temerari
711 3698 837 3760 vocibus
852 3713 954 3759 aures:
