2932 5002
528 377 648 434 ..25-

118 509 352 579 Emendaturus,
369 506 395 566 si
408 504 556 578 licuisset,
573 520 667 565 eram.

372 721 555 774 mmmm
570 721 683 774 vm.

77 933 110 989 ln
124 941 216 1008 caput
229 932 289 990 alta
304 947 393 990 suum
408 932 550 990 labentur
564 932 603 990 ab
618 946 743 1006 aequore
758 939 842 989 retro

119 1035 264 1107 llumina3
282 1035 438 1096 conversis
453 1035 561 1112 solque
575 1045 716 1096 recurret
729 1034 827 1111 equis:

75 1143 169 1200 Terra
183 1141 260 1201 leret
273 1141 387 1201 stellas:
404 1140 518 1201 coelum
532 1141 666 1200 studetur
680 1150 795 1200 aratro:

117 1247 202 1307 Unda
217 1246 300 1308 dabit
314 1247 461 1319 flammam
479 1257 510 1306 et
526 1246 609 1308 dabit
622 1246 701 1324 ignis
716 1261 821 1322 aquas:

76 1355 180 1426 Omnia
194 1365 312 1417 naturae
326 1367 517 1434 praepostera
531 1357 651 1434 legibus
664 1356 763 1428 ihuut;

117 1465 250 1540 Parsque
265 1481 356 1525 suum
371 1464 477 1525 mundi
491 1465 574 1525 nulla
585 1463 702 1526 tenebit
714 1463 783 1525 iter.

76 1570 177 1631 Omnia
187 1571 252 1647 jam
266 1572 350 1644 fient,
368 1571 434 1633 lieri
447 1587 518 1649 quae
531 1589 624 1650 posse
639 1573 799 1650 negabam3

119 1677 154 1737 Et
168 1676 242 1737 nihil
257 1688 305 1739 est
319 1679 433 1755 dequo
448 1696 511 1739 non
526 1678 566 1740 sit
579 1678 719 1739 habenda
733 1678 820 1739 tides.

78 1790 148 1849 Haeo
163 1807 221 1870 ego
235 1787 393 1860 vaticinor,
410 1786 481 1865 quia
494 1805 563 1849 sum
578 1790 727 1866 deceptus
740 1788 778 1848 ab
791 1787 856 1859 illo,

120 1898 266 1956 laturum
280 1894 392 1954 misero
407 1910 499 1970 quem
513 1893 586 1953 milri
600 1893 691 1953 rebar
706 1910 807 1970 opem.

80 2005 216 2064 Tantane
230 2013 272 2073 te,
288 2000 391 2074 fallax,
408 2017 519 2078 cepere
533 2000 643 2062 oblivia
658 2000 768 2062 nostri?

120 2108 323 2170 lldllictumne
337 2107 394 2168 fuit
408 2118 511 2169 tantus
527 2106 611 2168 adire
625 2108 737 2186 pudor,

78 2216 116 2275 Ut
130 2231 230 2292 neque
244 2213 426 2291 respiceres,
443 2230 500 2273 uec
515 2213 649 2274 solarere
660 2214 825 2290 iacentem,

120 2323 211 2384 Dure!
229 2340 286 2384 nec
300 2321 462 2401 exsequias
476 2340 699 2401 prosequerere
713 2325 811 2385 meas?

79 2428 157 2489 lllud
171 2426 312 2488 amicitiae
327 2438 467 2488 sanctum
481 2444 517 2488 ac
531 2426 704 2488 venerabile
718 2445 830 2490 nornen

120 2535 163 2593 Re
177 2533 232 2594 tihi
247 2550 305 2610 pro
319 2531 371 2592 vili
387 2533 444 2592 sub
458 2533 650 2610 pedibusque
659 2533 757 2608 jacet?

79 2643 156 2713 Quid
171 2641 227 2702 luit
255 2642 371 2720 ingemi
385 2651 558 2719 postratum
572 2642 652 2701 mole
667 2643 803 2703 sodalem

124 2750 240 2823 Visere,
258 2760 289 2810 et
303 2747 440 2826 adloquii
456 2758 544 2826 parte
557 2749 659 2810 levare
672 2750 731 2810 tui?

78 2857 174 2934 lnque
189 2871 275 2915 meos
291 2855 316 2914 si
333 2854 576 2932 nudaerymam
592 2856 743 2918 dimittere
758 2874 859 2931 casus,

118 2966 218 3024 Pauca
233 2975 336 3026 tamen
352 2964 424 3024 ficto
438 2964 531 3025 verba
546 2964 653 3025 dolore
667 2965 768 3041 querit

77 3070 183 3148 ldque,
203 3072 288 3147 quod
303 3069 403 3148 ignoti
418 3069 544 3142 iaciunt,
561 3070 731 3131 valedicere
744 3073 862 3144 saltem,

119 3176 157 3235 m
172 3192 282 3236 vocem
297 3175 406 3254 populi
420 3174 603 3253 publicaque
617 3194 671 3237 ora
686 3178 786 3254 sequi?

77 3277 215 3356 Denique
228 3282 377 3357 lugubres
392 3283 508 3354 vultus,
525 3299 744 3359 nunquamque
757 3283 904 3344 videndos

122 3386 256 3445 Cernere
272 3402 428 3462 supremo,
445 3388 519 3447 dum
532 3387 688 3462 licuitque,
705 3388 768 3448 die?

78 3493 311 3568 dicendumque
326 3495 420 3553 semel
436 3504 501 3554 toto
516 3511 579 3553 non
593 3495 723 3572 amplius
736 3512 802 3556 aevo

120 3597 280 3674 Accipere,
297 3609 328 3657 et
344 3597 431 3675 parili
445 3599 576 3659 reddere
590 3616 673 3671 voce,
690 3601 776 3659 Vale‘?

80 3708 117 3766 rlt
132 3707 232 3767 iecere
247 3707 298 3767 alii
312 3708 397 3770 nullo
413 3706 484 3767 milri
498 3708 615 3769 loedere
626 3708 737 3784 juncti,
