2932 5002
734 415 854 475 ..98-

277 548 399 622 Quaque
412 561 468 622 per
485 554 629 621 angustas
647 545 725 603 male
742 553 839 604 vectae
860 543 985 620 virginis
1000 545 1111 613 undas,

318 654 427 712 Seston
441 651 585 728 Abydena
600 660 722 728 separat
736 649 813 710 urbe
829 651 956 722 fretum;

179 811 183 826 .
276 759 411 835 Hincque
423 758 632 836 Propontiacis
647 760 814 817 haerentem
829 757 957 834 Cyzicon
973 757 1051 825 oris;

318 863 444 940 Cyzicon
457 863 621 923 llacmoniae
635 863 737 922 nobile
751 862 851 939 gentis
870 879 964 939 opus;

277 971 402 1045 Quaque
416 978 521 1029 tenent
534 967 621 1045 ponti
634 968 774 1045 Byzantia
790 967 892 1027 littora
907 968 1023 1037 lauces;
1135 1004 1139 1011 ·

319 1077 372 1137 llic
386 1078 473 1137 locus
487 1087 533 1136 est
550 1076 662 1154 gemini
672 1077 767 1151 janua
781 1086 865 1136 vasta
880 1075 987 1135 maris.

279 1185 359 1257 Haec,
376 1201 498 1262 precor,
514 1183 644 1255 evincat,
659 1183 867 1261 propulsaque
882 1182 1025 1244 flantibus
1040 1182 1178 1254 Austris,

318 1293 464 1351 Transeat
478 1288 635 1350 instabiles
650 1299 775 1350 strenua
790 1289 938 1366 Cyaneas;

278 1397 508 1475 Thyniacosque
523 1397 608 1457 sinus
622 1408 653 1457 et
667 1397 706 1457 ab
720 1396 767 1457 his
782 1413 838 1474 per
856 1395 1003 1474 Apollinis
1019 1398 1140 1467 urbem,

320 1507 387 1566 Alta
408 1506 466 1567 sub
480 1505 615 1567 Anchiali
629 1504 741 1567 moeuia
757 1507 861 1566 tendat
875 1506 946 1566 iter:

280 1616 353 1676 lnde
366 1613 599 1675 Mesembriacos
614 1624 734 1691 portus,
750 1625 781 1674 et
794 1614 940 1686 Odesson,
962 1625 993 1674 et
1007 1631 1097 1674 arces

321 1723 486 1781 Praetereat
501 1718 598 1782 dictas
611 1719 745 1792 nomine,
761 1721 890 1792 Bacche,
906 1730 973 1781 tuo:

282 1828 319 1888 Et
331 1844 409 1904 quos
424 1826 560 1888 Alcathoi
575 1836 746 1888 memorant
760 1823 777 1885 d
792 1826 946 1887 moenibus
962 1837 1048 1887 ortos

322 1936 450 1999 Sedibus
464 1937 511 1998 his
524 1936 690 2015 profugum
704 1935 901 1998 constituisse
915 1937 1023 1996 larem:

283 2043 307 2103 A
320 2041 432 2119 quibus
446 2042 585 2105 adveniat
598 2043 729 2105 Miletida
744 2058 853 2120 sospes
867 2043 906 2102 ad
919 2042 1039 2113 urbem,

327 2147 437 2209 Offensi
452 2165 514 2226 quo
528 2165 577 2210 me
592 2147 741 2225 compulit
753 2147 799 2207 ira
813 2147 872 2207 dei.

285 2258 367 2318 Hanc
383 2257 409 2318 si
426 2257 600 2336 contigerit,
614 2255 732 2316 meritae
746 2255 836 2315 cadet
850 2270 929 2331 agna
942 2255 1094 2315 Minervae.

325 2366 391 2437 Non
405 2366 477 2428 lacit
490 2367 529 2428 ad
546 2375 667 2426 nostras
685 2363 784 2425 hostia
802 2364 901 2440 maior
916 2381 1002 2441 opes.

286 2476 345 2535 Vos
359 2490 494 2553 quoque,
509 2456 700 2551 Tyndaridae,
717 2488 795 2549 quos
809 2471 876 2532 haec
893 2470 966 2532 colit
981 2472 1090 2546 insula,
1109 2474 1230 2547 fratres,

325 2583 405 2656 Mite,
426 2598 549 2661 precor,
571 2579 685 2661 duplici
702 2596 815 2642 numen
833 2581 937 2641 adeste
954 2580 1021 2641 viae.

283 2687 384 2749 Altera
398 2702 528 2764 namque
541 2697 628 2764 parat
642 2687 859 2763 Symplegadas
876 2686 922 2746 ire
942 2703 1005 2763 per.
1012 2687 1101 2747 altas:

327 2793 472 2854 scindere
490 2791 639 2853 Bistonias
653 2792 749 2852 altera
758 2792 872 2869 puppis
886 2809 992 2870 aquas.

286 2901 346 2959 Vos
359 2897 448 2959 facite
462 2907 496 2959 ut
509 2908 628 2969 ventos,
645 2898 713 2959 loca
730 2913 825 2975 quum
840 2897 959 2960 diversa
972 2911 1124 2978 matus,

327 3006 380 3065 llla
392 3021 465 3066 suos
482 3005 602 3079 habeat,
621 3022 679 3066 nec
699 3005 800 3066 minus
817 3006 868 3067 illa
886 3023 972 3068 suos.

594 3223 775 3280 EIAEGIA
789 3223 885 3281 xn.

288 3440 399 3503 Littera
414 3452 616 3516 quaecumque
631 3447 678 3498 est
691 3447 758 3499 toto
772 3438 828 3499 tibi
841 3439 921 3499 lecta
935 3439 1050 3511 libello,

328 3549 382 3608 Est
395 3545 468 3608 mihi
482 3545 621 3608 sollicitae
635 3556 775 3625 tempore
788 3547 867 3608 lacta
879 3547 946 3607 viae.

289 3653 347 3715 Aut
359 3655 438 3712 hanc
451 3668 511 3726 me,
525 3652 616 3731 gelidi
631 3663 795 3715 tremerem
810 3668 880 3714 cum
895 3668 1001 3715 mense
1016 3651 1205 3725 Decembris,

330 3757 519 3822 Scribentem
533 3758 640 3822 mediis
652 3759 742 3821 Adria
756 3758 829 3821 vidit
842 3759 943 3836 aquis:
