2932 5002
836 365 956 426 „80-

381 510 440 582 Sic,
458 507 483 568 si
499 522 591 583 quem
605 504 743 564 nondum
757 508 918 579 portarum
933 513 1007 576 sepe
1022 507 1183 576 receptum

423 617 575 676 Barbarus
586 612 617 673 iu
630 611 747 689 campis
762 608 899 689 repperit
912 606 1022 680 hostis,
1038 607 1112 686 agit.

380 724 440 782 Aut
455 720 593 797 sequitur
608 728 728 796 eaptus,
744 717 946 791 conjectaque
962 713 1083 775 vincula
1105 714 1186 774 eollo

420 826 548 904 Accipit3
564 836 618 886 aut
630 825 693 885 telo
708 822 790 883 virus
804 823 937 882 habente
951 820 1045 882 cadit.

380 936 433 995 Hie
447 953 505 1014 ego
520 933 659 995 sollicitae
669 932 760 1009 jaceo
774 947 872 993 novus
887 929 988 990 incola
1002 927 1095 990 sedis.

424 1049 488 1107 ileu
503 1046 631 1106 uimium
647 1044 699 1106 fati
714 1055 855 1121 tempora
869 1044 961 1121 longa
975 1041 1047 1104 mei!

380 1156 417 1216 Et
432 1166 532 1216 tamen
548 1156 587 1215 ad
601 1170 747 1215 numeros
761 1152 948 1229 antiquaque
963 1167 1053 1212 saera
1072 1150 1184 1212 reverti

424 1262 561 1323 Sustinet
575 1261 606 1321 iu
625 1260 717 1321 tantis
731 1258 853 1337 hospita
866 1259 951 1320 Musa
967 1257 1065 1319 malis.

383 1368 442 1428 Sed
462 1385 561 1444 neque
579 1366 628 1427 cui
642 1365 769 1426 recitem
783 1364 945 1441 quisquam
960 1375 1007 1425 est
1021 1379 1089 1424 mea
1102 1364 1252 1439 carmina,
1266 1381 1326 1426 nec
1341 1367 1400 1443 qui

425 1473 556 1532 Auribus
571 1471 702 1549 accipiat
715 1471 809 1531 verba
823 1469 927 1531 Latina
942 1469 1016 1531 suis.

384 1579 452 1654 ipse
466 1577 549 1650 mibi,
569 1576 642 1654 quid
660 1576 740 1636 euim
755 1575 877 1636 faciam?
891 1575 1056 1652 scriboque
1069 1577 1213 1656 {egoque

425 1690 563 1766 Tutaque
574 1687 691 1763 judicio
706 1686 807 1749 littera
823 1699 929 1749 nostra
944 1696 1073 1749 subest.

383 1798 470 1875 Saepe
489 1808 588 1857 tameu
606 1795 679 1857 dixi:
699 1795 751 1855 Cui
766 1813 848 1855 nuuc
863 1797 930 1856 haee
944 1811 1019 1855 cura
1033 1795 1170 1858 laborat?

427 1905 472 1963 An
488 1920 554 1964 mea
568 1904 756 1964 Sauromatae
768 1902 883 1980 scripta
897 1903 1041 1978 Getaeque
1054 1903 1171 1980 legenti

385 2013 474 2089 Saepe
491 2010 581 2070 etiam
595 2011 738 2088 lacrymae
753 2021 889 2071 suntme
909 2009 1064 2070 scribente
1078 2009 1226 2087 profusae,

426 2118 615 2192 Humidaque
631 2128 678 2178 est
693 2119 767 2178 iletu
786 2118 888 2178 littera
903 2118 983 2178 iacta
997 2133 1077 2177 meo.

386 2225 506 2301 Corque
523 2233 642 2285 vetusta
656 2240 758 2284 meum
774 2233 927 2300 tamquam
942 2240 1021 2285 nova
1038 2225 1165 2286 vulnera
1178 2224 1281 2296 sentit,

428 2330 524 2407 luque
539 2329 640 2390 sinum
655 2339 775 2390 maestae
789 2328 902 2390 labitur
915 2329 1015 2389 imber
1029 2345 1128 2406 aquae.

387 2438 485 2508 Quum
504 2437 569 2498 vice
587 2446 713 2509 mutata,
730 2435 803 2513 quid
818 2435 875 2496 sim
888 2435 1060 2512 fuerimque
1074 2437 1233 2509 recordor,

426 2544 463 2604 Et
477 2543 581 2604 tulerit
596 2560 657 2619 quo
673 2558 722 2602 me
737 2558 839 2614 casus,
857 2550 887 2601 et
901 2542 1000 2614 unde,
1017 2540 1111 2612 subit;

386 2652 473 2729 Saepe
488 2668 597 2712 manus
613 2652 740 2711 demens
756 2649 864 2709 studiis
879 2649 955 2709 irata
971 2647 1111 2727 malignis

432 2756 512 2817 Misit
526 2756 557 2815 in
571 2772 698 2816 arsurus
716 2753 851 2814 carmina
873 2762 979 2815 nostra
995 2755 1093 2815 iocus.

388 2865 487 2941 Atque
502 2880 547 2936 ea,
558 2865 596 2924 de
605 2863 708 2924 multis
723 2861 867 2939 quoniam
882 2881 944 2923 nan
957 2865 1055 2925 multa
1073 2873 1253 2942 supersunt,

433 2968 508 3028 Cum
523 2968 609 3028 venia
624 2968 728 3041 facito,
746 2967 885 3045 quisquis
899 2985 943 3042 es,
956 2969 1014 3030 ista
1028 2970 1124 3046 legas.

386 3077 574 3152 Tuquoque,
591 3093 654 3136 uon
662 3075 781 3148 melius,
792 3092 883 3152 quum
892 3087 964 3137 suut
972 3093 1040 3136 mea
1056 3086 1208 3154 tempora,
1220 3090 1347 3136 carmen

432 3184 595 3246 interdieta
606 3184 689 3257 mihi,
707 3186 845 3259 consule,
862 3186 968 3259 Roma,
981 3185 1065 3246 boui.

768 3399 950 3455 ursula
964 3401 1021 3455 11.
1092 3405 1093 3408 ’

394 3616 460 3678 Jam
475 3615 539 3675 fera
546 3615 717 3675 Caesaribus
733 3615 997 3688 Germania,t0tus
1008 3626 1042 3677 ut
1057 3615 1152 3688 orbis,

436 3724 615 3801 Victapotes
637 3725 717 3785 flexo
732 3724 933 3786 succubuisse
942 3743 1033 3802 genu.
