2932 5002
522 387 643 446 „54-

104 525 169 584 lam
184 524 307 585 demum
322 522 418 583 inuisa
431 521 532 583 Caesar
546 521 585 583 ab
602 529 669 584 arte
681 536 779 584 meos.

64 633 156 694 Deme
170 633 243 693 mihi
258 632 404 706 studium,
419 631 490 693 uitae
504 648 629 710 quoque
647 631 776 692 crimina
790 630 905 704 demes,

103 738 270 816 Acceptum
281 739 381 800 refero
395 737 548 810 versibus,
569 753 638 798 esse
654 754 783 801 nocens.

63 847 127 907 lloc
145 847 279 924 pretium
293 846 375 918 vitae,
391 843 646 922 vigilatorumque
660 846 803 906 laborum

102 952 254 1030 Cepimus:
270 951 393 1029 ingenio
408 966 502 1028 poena
516 961 639 1028 reperta
658 967 739 1012 meo.

61 1058 93 1118 Si
104 1076 255 1137 saperem,
272 1061 380 1121 doctas
395 1053 530 1119 odissem
545 1058 617 1134 jure
632 1060 774 1130 Sorores,

104 1167 233 1229 Numina
248 1167 361 1227 cultori
379 1166 554 1245 perniciosa
569 1183 637 1227 suo.

66 1276 103 1337 At
116 1293 210 1348 nunc,
228 1286 312 1336 tanta
327 1292 396 1336 meo
411 1292 517 1336 comes
531 1254 706 1336 estinsania
716 1276 834 1345 morbo,

103 1384 181 1442 Saxa
194 1398 313 1443 memor
327 1382 428 1443 refero
442 1398 551 1442 rursus
565 1382 604 1441 ad
615 1380 674 1440 ista
688 1382 811 1458 podem:

61 1488 184 1551 Scilicet
200 1499 234 1549 ut
249 1489 347 1551 vietus
357 1487 468 1567 repetit
477 1487 628 1566 gladiator
641 1504 779 1560 arenam,

104 1596 141 1657 Et
154 1595 233 1656 redit
246 1595 277 1655 in
296 1595 427 1661 tumidas
442 1595 588 1673 naufraga
602 1594 718 1673 puppis
732 1611 839 1672 aquas.

63 1703 213 1776 Forsitan,
228 1714 264 1765 ut
277 1705 433 1781 quondam
447 1703 644 1765 Teuthrantia
658 1721 754 1782 regna
770 1703 900 1776 tenenti,

104 1808 153 1870 Sic
168 1809 241 1869 mihi
258 1826 308 1871 res
319 1811 427 1872 eadem
442 1810 553 1871 vulnus
568 1825 722 1887 opemque
733 1811 823 1874 ieret:

63 1917 213 1994 Musaque
232 1934 323 1994 quam
338 1918 442 1989 movit,
458 1927 573 1978 motam
589 1935 713 1994 quoque
726 1916 820 1978 leniet
831 1915 918 1978 iram:

109 2026 246 2085 Exorant
261 2041 391 2103 magnos
404 2024 541 2086 carmina
556 2041 639 2102 saepe
654 2024 740 2085 deos.

64 2130 137 2206 lpse
152 2148 277 2208 quoquc
291 2131 442 2192 Ausonias
457 2131 557 2192 Caesar
572 2141 747 2208 matresque
761 2148 920 2209 nurusque

112 2236 249 2298 Carmina
260 2237 419 2315 turrigerae
433 2236 537 2298 dicere
551 2236 644 2313 jussit
657 2237 723 2315 Opi.

63 2345 202 2407 Jussernt
212 2356 244 2406 et
263 2347 381 2407 Phoebo
397 2345 467 2419 diei;
484 2362 546 2423 quo
562 2357 703 2423 tempore
713 2346 803 2408 ludos

106 2450 199 2523 Fecit,
218 2468 297 2528 quos
308 2461 383 2512 aetas
397 2450 528 2529 adspicit
545 2467 606 2512 una
616 2453 722 2512 semel.

68 2558 119 2618 llis
134 2574 247 2635 precor
261 2557 410 2635 exemplis
423 2568 476 2618 tua
490 2576 584 2630 nunc,
604 2558 762 2619 mitissime
776 2560 887 2632 Caesar,

107 2665 172 2726 Fiat
186 2665 225 2725 ab
240 2664 364 2742 ingenio
379 2665 502 2726 mollior
516 2665 562 2727 ira
576 2683 656 2727 meo.

69 2771 123 2830 llla
137 2770 261 2847 quidem
272 2770 357 2846 justa
374 2780 433 2843 est;
446 2787 504 2832 nec
519 2787 569 2832 me
578 2770 728 2834 meruisse
737 2773 868 2853 negabo:

113 2876 179 2937 Non
194 2877 272 2950 adeo
286 2885 398 2937 nostro
409 2877 486 2954 fugit
499 2879 538 2939 ab
550 2895 606 2938 ore
618 2879 730 2954 pudor.

67 2984 138 3055 Sed,
155 2983 215 3046 nisi
227 3001 398 3062 parassem,
412 2984 485 3060 quid
505 2995 539 3045 tu
553 2987 724 3047 concedere
737 2987 861 3064 posses?

110 3089 266 3150 Materiam
280 3090 376 3151 veniae
387 3107 456 3151 sors
467 3088 522 3151 tihi
536 3100 643 3152 nostra
653 3092 748 3153 dedit.

67 3194 109 3268 si,
128 3194 250 3272 quoties
267 3206 399 3273 peccant
412 3196 563 3269 homines,
580 3213 636 3258 sua
649 3197 776 3263 fulmina
790 3198 891 3259 mittat

107 3302 236 3378 Jupiter,
253 3303 364 3379 exiguo
379 3312 519 3382 tempore
532 3304 659 3365 inermis
669 3305 738 3366 erit.

46 3451 50 3458 -
68 3410 123 3472 llic
138 3409 190 3469 ubi
206 3410 346 3471 detonuit
361 3412 556 3488 strepituque
570 3413 720 3475 exterruit
736 3414 855 3487 orbem,

108 3518 222 3578 Purum
237 3516 387 3578 discussis
400 3533 472 3577 aera
487 3517 588 3579 reddit
602 3519 701 3594 aquis.

67 3627 142 3688 'iure
156 3624 249 3702 igitur
260 3625 445 3703 genitorque
460 3627 553 3689 deum
567 3637 731 3704 rectorque
745 3638 882 3690 vocatur:

111 3731 185 3794 Jure
205 3747 304 3809 capax
318 3733 450 3795 mundus
465 3731 507 3793 nil
520 3732 592 3795 Jove
610 3732 709 3810 majus
723 3734 824 3795 hahet.
