2932 5002
712 344 853 401 -lll—

262 471 356 548 litque
371 487 429 547 ego
444 480 474 530 te
487 469 606 530 videam
624 485 716 529 causa
734 468 876 546 graviore
897 472 1045 550 iugatum:

300 578 370 636 llaec
385 585 486 635 sunta
502 573 608 651 primis
622 574 763 653 proxima
784 587 855 637 vota
878 577 962 637 mihi.

592 788 773 846 mmmmm
797 792 871 847 1¹.

256 1002 281 1061 0
295 1013 347 1063 tua
361 1001 387 1061 si
403 1001 519 1062 sineres
535 1001 567 1062 in
584 1001 698 1063 uostris
714 1001 838 1062 uomina
860 1002 934 1080 poni

298 1106 499 1180 Carminibus,
519 1105 638 1184 positus
656 1123 747 1183 quam
770 1106 844 1168 milri
859 1123 942 1184 saepe
963 1107 1059 1169 fores!

257 1212 300 1271 'le
316 1213 416 1273 solum
435 1211 533 1272 meriti
549 1227 691 1272 canerem
707 1228 837 1283 memor;
854 1210 946 1288 inque
966 1211 1080 1272 libellis

300 1316 449 1378 Crevisset
464 1316 529 1377 siue
547 1327 577 1378 tc
591 1316 701 1395 pagiua
716 1317 800 1377 nulla
818 1316 905 1377 meis.

258 1421 335 1491 Quid
353 1421 406 1482 tihi
421 1422 565 1483 deberem
580 1432 643 1482 tota
656 1421 788 1482 sciretur
801 1421 832 1480 iu
849 1422 937 1495 urbe,

300 1529 394 1588 Exsul
412 1528 443 1588 iu
459 1527 570 1591 amissa
584 1527 610 1589 si
625 1538 727 1588 tamen
743 1529 821 1588 urbe
841 1527 941 1606 legor.

263 1635 305 1694 ‘le
318 1649 456 1710 praeseus
471 1632 587 1706 mitem,
604 1643 635 1693 te
651 1642 757 1692 nosset
772 1632 871 1693 serior
889 1643 976 1705 aetes‚

305 1740 423 1817 Scripta
440 1749 622 1801 vetustatem
638 1739 662 1800 si
678 1740 770 1800 modo
785 1750 891 1800 nostra
906 1740 1016 1801 ferent.

258 1849 320 1910 Nec
337 1849 390 1910 tibi
403 1860 538 1911 cessaret
553 1850 664 1911 doctus
681 1851 761 1910 bene
776 1849 879 1910 dicere
889 1849 1000 1919 lecton

301 1955 356 2016 llic
372 1950 427 2017 tibi
448 1965 568 2017 servato
583 1966 654 2017 vate
672 1967 810 2017 maneret
824 1957 936 2015 honor.

258 2060 388 2124 Caesaris
403 2073 449 2125 est
462 2063 595 2142 primum
614 2080 737 2136 munus,
753 2063 836 2139 quod
852 2061 992 2123 ducimus
1012 2079 1113 2124 auras:

307 2167 406 2229 Gratia
422 2178 494 2245 post
508 2183 636 2245 magnos
654 2167 768 2228 esttibi
786 2167 926 2230 habenda
940 2169 1029 2229 Deos.

261 2275 301 2336 lle
324 2276 408 2337 dedit
426 2276 530 2349 vitarim
548 2286 592 2347 tu,
613 2291 703 2352 quam
725 2275 808 2337 dedit
819 2275 881 2349 ille,
900 2276 1007 2349 tueris,

303 2387 340 2446 Et
358 2385 433 2446 iacis
450 2395 578 2461 accepto
596 2400 725 2444 munere
739 2401 831 2460 posse
849 2382 920 2441 frui.

275 2490 433 2566 Quumque
449 2487 662 2565 perhorruerit
681 2501 771 2545 casus
785 2501 857 2562 pars
871 2485 1001 2545 maxima
1016 2495 1151 2558 nostros,

310 2597 383 2655 Pars
400 2593 491 2652 etiam
506 2591 590 2651 credi
607 2589 801 2677 pertimuisse
819 2590 901 2662 velit3

264 2699 524 2778 Naufragiumque
543 2713 645 2760 meum
663 2696 781 2758 tumulo
798 2697 944 2775 spectarit
958 2701 996 2760 ab
1010 2700 1085 2772 alto,

307 2806 368 2867 Nec
382 2803 501 2867 dederit
513 2802 607 2864 manti
627 2818 684 2880 per
701 2803 778 2865 freta
793 2819 873 2866 saeva
889 2819 1025 2877 mauum;

264 2912 457 2975 'seminecem
474 2912 576 2992 stygia
590 2908 742 2977 revocasti
760 2911 845 2971 solus
865 2910 904 2972 ab
921 2911 1016 2972 unda.

304 3023 367 3084 Hoc
381 3041 505 3101 quoque
522 3023 607 3102 quod
628 3039 781 3086 memores
796 3036 962 3103 possumus
976 3035 1056 3095 esse,
1080 3029 1166 3084 tuum
1182 3029 1239 3084 est„

262 3128 298 3189 lli
312 3128 365 3190 tibi
378 3146 412 3189 se
428 3129 564 3192 tribuant
579 3148 649 3192 cum
663 3130 782 3190 Caesare
799 3144 922 3206 semper
936 3127 1064 3188 amicos:

275 3255 279 3262 ·
306 3237 370 3297 Nou
387 3237 487 3314 potuit
502 3248 606 3300 votum
621 3236 742 3316 plenius
759 3252 828 3296 esse
845 3251 957 3295 meum.

263 3344 335 3404 llaec
349 3360 435 3405 meus
449 3343 577 3421 argutis,
591 3344 616 3404 si
634 3354 668 3403 tu
682 3352 834 3421 paterere,
848 3339 958 3401 libellis

307 3451 436 3510 Poneret
450 3449 480 3507 iu
495 3449 589 3509 multa
603 3449 673 3509 luce
686 3446 816 3508 videnda
837 3446 935 3507 labor.

269 3556 308 3616 Se
337 3571 458 3630 quoque
473 3570 572 3626 nuuc,
588 3553 726 3629 quamvis
741 3562 789 3613 est
800 3552 886 3627 jussa
900 3549 1070 3625 quiescere,
1088 3549 1203 3626 quinte

305 3660 444 3723 Nomiuet
458 3659 595 3736 invitum,
612 3660 662 3720 vix
676 3676 744 3722 mea
759 3659 843 3721 Musa
857 3665 951 3719 tenet.

1090 3744 1133 3811 15
