2932 5002
529 369 649 427 ew..

69 493 197 572 Ecquid,
215 509 248 559 ut
263 496 446 558 ineolumem
468 499 622 575 qnondam
638 500 795 559 celebrare
809 499 947 569 solebas,

111 602 196 663 Nunc
211 622 345 682 queque,
362 622 401 665 ne
415 605 518 665 videar
531 615 614 666 totus
629 606 749 678 abesse,
765 606 869 666 caves?

72 708 207 787 Suscipis
222 712 358 789 exceptis
373 711 484 788 ecquid
499 729 566 772 mea
582 712 718 773 earmina
733 712 807 772 selis

112 816 247 890 Artibus,
263 818 370 879 artifici
385 836 454 896 qnae
469 836 605 880 nocuere
627 821 700 880 suo?

73 922 169 983 lmmu
183 924 224 984 ita
238 925 285 985 sac
299 935 413 998 ratum,
435 943 552 1002 quaese,
570 926 707 987 studiose
722 943 886 997 novorum,

116 1031 238 1108 Quaque
252 1043 340 1110 potes
355 1033 452 1094 retine
466 1051 578 1095 nomen
594 1033 623 1091 in
640 1034 716 1093 urbe
730 1051 843 1094 meum.

73 1139 127 1199 Est
141 1139 210 1217 luga
224 1141 304 1202 dieta
317 1141 401 1215 mihi,
414 1160 477 1202 nun
491 1154 539 1203 est
553 1143 623 1219 luga
639 1143 720 1202 dieta
734 1141 856 1212 libellis,

117 1247 172 1318 Qui
185 1249 299 1308 domiui
313 1267 437 1327 paenam
451 1268 513 1310 nen
528 1241 669 1310 meruere
683 1248 757 1327 pati.

76 1356 163 1431 Saepe
177 1373 234 1432 per
247 1366 389 1416 externas
403 1357 552 1434 profugus
566 1366 654 1433 pater
668 1356 788 1416 exsulat
802 1373 884 1423 oras;

119 1463 200 1529 Urbe
214 1473 317 1524 tamen
332 1463 411 1528 natis
428 1463 543 1524 exsulis
558 1480 626 1524 esse
641 1463 725 1523 lieet.

86 1571 219 1631 Palladis
234 1573 388 1649 exempl0,
405 1573 443 1632 de
458 1589 506 1631 me
521 1572 586 1632 sine
601 1582 698 1632 matre
712 1582 815 1632 ereata

120 1677 257 1738 Carmina
271 1687 352 1738 sunt.
370 1678 467 1755 Stirps
482 1680 548 1738 baec
563 1677 790 1755 progeniesque
805 1694 872 1737 mea
888 1688 946 1737 est.

78 1785 161 1844 llanc
176 1784 229 1845 tibi
243 1785 437 1844 commendo:
454 1799 524 1859 qnae
538 1801 600 1859 qun
615 1782 711 1859 magis
726 1784 801 1842 urba
816 1792 956 1859 parente,

124 1892 188 1952 lloe
202 1891 255 1952 tibi
270 1890 365 1953 tutari
381 1890 501 1951 sarcina
516 1891 614 1966 major
629 1889 697 1949 erit.

88 1999 162 2058 Tres
176 1997 249 2058 mihi
263 2008 335 2059 sunt
349 1997 411 2058 nati
426 1994 567 2074 contagia
585 2006 691 2056 nostra
706 1994 815 2055 secuti:

128 2103 243 2165 Caetera
256 2105 303 2164 lac
319 2119 404 2164 curae
418 2101 457 2163 sit
473 2101 526 2163 tibi
542 2103 632 2163 turba
645 2103 756 2180 palam.

82 2215 161 2274 Sunt
175 2230 299 2290 quoque
313 2223 437 2274 mutatae
453 2222 500 2273 ter
514 2212 650 2290 quinque
664 2210 819 2272 volumina
833 2213 952 2284 forman

126 2321 264 2382 Carmina
278 2323 316 2383 de
331 2321 446 2383 (lumini
461 2322 568 2382 funere
583 2331 671 2399 rapta
684 2320 742 2381 sui.

83 2432 162 2492 lllud
176 2449 255 2508 opus
269 2430 382 2507 potnit,
399 2430 424 2488 si
439 2447 502 2489 nan
517 2429 605 2506 prius
621 2429 687 2504 ipse
702 2427 865 2504 perissem,

126 2538 244 2600 Gertins
258 2554 276 2597 a
290 2553 409 2597 summa
424 2553 537 2597 nomen
553 2536 668 2595 babere
684 2551 787 2596 manu.

81 2651 171 2711 Nune
183 2647 391 2707 incorrectum
406 2643 512 2723 pupuli
526 2644 667 2722 pervenit
683 2645 714 2704 in
732 2662 798 2705 ora:

127 2758 160 2816 ln
173 2755 281 2834 populi
296 2754 461 2832 quidquam
477 2753 502 2814 si
516 2764 619 2814 tamen
631 2771 685 2814 0re
701 2771 803 2815 meum
820 2765 878 2816 est.

83 2865 149 2925 lloe
162 2881 296 2940 quoque,
313 2861 418 2923 neseio
433 2861 517 2938 quid,
534 2861 649 2923 nostris
664 2863 786 2940 adpone
800 2863 924 2936 libellis,

129 2972 253 3035 Diverso
268 2973 396 3035 missum
411 2974 495 3050 qued
509 2972 563 3034 tibi
578 2973 616 3033 ab
632 2973 708 3033 urbe
720 2973 812 3034 venit.

88 3081 177 3152 Quod
188 3079 373 3157 quicumque
386 3080 479 3157 leget,
496 3078 521 3139 si
536 3078 604 3156 quis
619 3079 711 3157 leget,
731 3079 863 3141 aestimet
879 3089 964 3150 ante,

130 3186 337 3264 Compositum
353 3203 414 3262 quo
430 3185 469 3246 sit
484 3194 635 3262 tempure,
652 3202 777 3260 quoque
790 3186 873 3245 luco.

86 3295 205 3370 AEquns
219 3291 277 3352 erit
290 3290 424 3368 scriptis,
441 3307 573 3365 querum
588 3289 769 3365 cognoverit
784 3307 870 3350 esse.

130 3400 276 3461 Exsilium
292 3409 425 3475 tempus
441 3396 677 3472 barbariemque
692 3398 809 3457 locum:

87 3509 186 3585 lnque
199 3514 246 3566 tot
259 3502 394 3564 adversis
410 3518 534 3561 carmen
549 3501 711 3562 mirabitur
725 3502 822 3562 ullum

131 3613 251 3671 Ducere
266 3626 315 3670 me
329 3607 409 3669 tristi
425 3605 610 3668 sustinuisse
626 3623 732 3667 manu.

90 3715 255 3799 Ingenium
269 3714 390 3793 fregere
404 3729 508 3777 meum
522 3713 613 3776 mala:
631 3715 721 3791 eujus
736 3724 767 3776 et
784 3726 855 3776 ante
