2932 5002
505 379 646 437 -ror—

100 504 232 566 llateriae
247 505 362 582 scripto
378 506 580 568 conveniente
596 525 673 569 suae.

57 612 179 691 lnteger
192 623 223 674 et
237 613 336 686 laetus,
354 614 424 674 laeta
439 624 470 674 et
481 614 628 691 juvenilia
642 616 713 676 lusi:

100 720 153 780 1113
167 731 268 782 tamen
283 738 365 782 nunc
379 738 428 782 me
443 722 645 799 conposuisse
661 722 756 800 piget.

58 830 97 889 Ut
111 828 218 901 cecidi,
235 828 326 889 subiti
339 846 454 907 perago
468 831 624 906 praeconia
647 848 749 901 casus,

100 935 234 1011 Sumque
246 935 418 1012 argumenti
432 935 574 997 conditor
588 935 656 1013 ipse
672 936 744 996 mei.

59 1044 159 1119 thue
168 1043 276 1120 jacens
291 1043 357 1121 ripa
371 1045 484 1105 deflere
498 1044 653 1122 Caystrius
669 1045 733 1105 ales

100 1151 216 1212 Dicitur
229 1169 283 1213 ore
298 1168 384 1212 suam
399 1151 562 1213 deficiente
577 1170 699 1213 necem:

57 1258 110 1320 Sic
124 1275 182 1336 ego
196 1258 377 1320 Sarmaticas
391 1258 484 1335 longe
497 1258 655 1335 proJectus
670 1256 701 1317 in
716 1275 800 1331 oras,

103 1365 208 1425 Efficio
222 1365 349 1426 tacitum
362 1382 401 1425 ne
413 1364 485 1424 mihi
501 1365 593 1425 sunus
609 1375 670 1427 eat.

59 1473 187 1535 Delicias
202 1474 227 1535 si
241 1474 319 1552 quis,
336 1475 508 1552 lascivaque
524 1476 659 1536 carmina
675 1477 797 1553 quaerit,

101 1581 279 1643 Praemoneo
293 1597 449 1658 nunquam
463 1582 576 1660 scripta
592 1585 674 1660 quod
689 1583 747 1645 ista
767 1586 860 1662 legat.

59 1687 167 1765 Aptior
177 1687 247 1749 huic
262 1688 374 1761 Gallus,
390 1689 555 1767 blandique
569 1691 746 1768 Propertius
761 1692 835 1764 oris,

103 1794 219 1868 Aptior,
235 1795 389 1874 ingenium
405 1813 503 1870 come,
520 1797 657 1858 Tibullus
672 1797 741 1859 erit.

60 1902 160 1979 litque
174 1903 288 1964 utinam
302 1923 430 1965 numero
446 1923 484 1965 ne
499 1923 555 1965 nos
570 1923 708 1966 essemus
723 1906 754 1965 in
767 1906 841 1968 isto!

105 2012 168 2071 Heu
183 2012 266 2072 mihi!
283 2030 339 2073 cur
352 2030 488 2090 unquam
505 2015 589 2074 Musa
605 2015 710 2090 jocata
724 2031 792 2074 mea
808 2016 869 2076 est?

59 2124 122 2184 Sed
136 2124 274 2185 dedimus
287 2141 408 2202 poenas,
424 2123 616 2202 Scythicique
631 2124 661 2183 in
676 2124 787 2185 finibus
799 2125 878 2197 istri,

107 2230 159 2290 llle
172 2230 340 2308 pharetrati
353 2230 440 2291 lusor
453 2229 573 2291 Amoris
589 2231 688 2292 abest.

61 2338 150 2408 Quod
165 2349 316 2416 superest,
334 2339 449 2399 animos
461 2340 499 2400 ad
511 2339 633 2415 publica
648 2339 783 2398 carmina
798 2338 879 2409 lieni,

104 2446 142 2505 Et
156 2461 308 2505 memores
319 2444 399 2519 jussi
418 2443 550 2502 nominis
565 2458 633 2501 esse
649 2442 707 2500 sui.

62 2551 93 2614 Si
108 2562 209 2613 tamen
224 2566 264 2609 ex
277 2547 363 2608 vobis
378 2546 488 2622 aliquis
503 2557 565 2606 tam
580 2546 674 2605 multa
689 2546 827 2621 requiret

104 2657 191 2718 Unde
206 2656 338 2716 dolenda
353 2669 472 2714 canam:
495 2653 591 2712 multa
605 2653 737 2713 dolenda
752 2652 817 2719 tuli,

62 2765 129 2825 Non
144 2764 210 2823 lnaeo
224 2760 357 2840 ingenio,
375 2777 438 2820 non
452 2761 519 2820 haec
533 2759 747 2837 componimus
762 2769 838 2832 arte;

109 2871 232 2933 Materia
247 2881 294 2932 est
308 2870 441 2949 propriis
457 2869 616 2948 ingeniosa
634 2869 732 2929 malis.

67 2982 104 3041 Et
119 2990 213 3057 quota
228 2978 360 3039 sortunae
374 2995 447 3055 pars
462 2988 510 3038 est
523 2977 554 3035 in
569 2977 704 3037 carmine
719 2976 849 3038 nostrae?

105 3088 188 3150 Felix
202 3087 254 3164 qui
268 3087 382 3165 patitur
397 3104 467 3164 quac
481 3104 644 3148 numerare
662 3086 752 3147 valet!

64 3197 145 3268 Quot
157 3193 283 3255 frutices
299 3193 393 3265 silvae,
411 3203 487 3270 quot
502 3193 596 3252 ssavus
611 3192 719 3270 'lybris
733 3208 855 3263 arenas,

106 3304 206 3364 Mollia
221 3313 296 3380 quot
310 3302 412 3362 Martis
425 3301 562 3379 gramina
578 3317 704 3377 campus
720 3300 823 3371 hahet,

63 3413 122 3473 Tot
135 3412 213 3472 mala
228 3407 421 3488 pertulimus:
438 3424 569 3484 quorum
585 3405 735 3467 medicina
750 3405 899 3482 quiesque

106 3517 202 3588 Nulla,
219 3515 275 3575 nisi
290 3514 319 3572 in
341 3512 454 3584 studio,
471 3511 683 3587 Pieridumque
698 3528 784 3571 mora
801 3520 859 3570 cst.

63 3622 137 3693 Quis
150 3620 215 3693 tibi,
231 3621 320 3690 Naso,
338 3619 448 3678 modus
462 3616 622 3694 lacrymosi
638 3615 795 3676 carminis?
810 3615 923 3692 inquis:

108 3727 202 3805 ldem,
219 3726 350 3786 sortnnao
366 3722 417 3800 qni
429 3723 539 3784 modus
563 3718 655 3797 hujus
671 3718 739 3781 crit.

880 3809 924 3881 13
