2932 5002
693 321 814 378 ..72-

582 562 759 621 ulamau
780 563 876 618 ΧΠ.

234 780 359 856 Frigora
371 778 435 852 Jam
449 775 576 853 Zephyri
592 776 744 848 minuunt,
762 790 906 850 annoque
920 786 1060 852 peracto,

278 885 412 962 Longior
431 884 565 960 antiquis
580 884 643 943 visa
659 883 775 944 Maeotis
791 884 908 959 hyems:

239 992 478 1069 Impositamque
493 989 550 1049 sibi
566 989 618 1065 qui
633 1006 695 1049 non
710 989 789 1048 bene
803 988 929 1065 pertulit
944 988 1064 1060 Hellen,

278 1103 428 1178 Tempora
444 1098 606 1159 nocturnis
621 1115 710 1175 aequa
725 1096 835 1159 diurna
852 1096 934 1159 iacit.

236 1213 301 1271 Jam
315 1209 425 1269 violam
439 1208 589 1285 puerique
601 1208 709 1285 legunt
725 1205 899 1283 hilaresque
914 1208 1040 1284 puellae,

278 1313 401 1374 Rustica
421 1330 514 1389 quam
529 1313 614 1373 nullo
633 1323 715 1373 terra
731 1322 852 1373 serente
868 1311 959 1389 gerit:

239 1421 390 1495 Prataque
404 1419 579 1495 pubescunt
592 1417 747 1479 variorum
763 1420 839 1478 ssore
854 1419 1006 1491 colorum,

276 1525 463 1602 indocilique
476 1527 591 1603 loquax
605 1535 729 1604 gutture
743 1537 851 1587 vernat
864 1525 939 1587 avis.

242 1632 341 1707 thue
354 1630 443 1690 malae
457 1630 574 1695 crimen
589 1631 695 1693 matris
710 1633 847 1709 deponat
861 1631 1008 1703 hirundo,

284 1740 346 1799 Sub
361 1739 498 1800 trabibus
512 1756 608 1801 cunas
625 1757 779 1818 parvaque
796 1750 877 1801 tecta
891 1739 975 1800 iacit.

243 1847 415 1923 Herbaque,
432 1863 501 1923 quae
515 1847 604 1908 latuit
617 1846 792 1908 Cerealibus
807 1848 918 1908 obruta
932 1847 1040 1919 sulcis,

288 1955 409 2015 Exscrit
423 1972 440 2014 c
456 1954 559 2032 tepida
574 1956 667 2015 molle
682 1971 830 2015 cacumen
845 1955 951 2015 humo:

247 2060 375 2135 Quoquo
389 2061 459 2119 loco
474 2071 521 2120 est
534 2060 615 2132 vitis,
631 2060 670 2121 dc
689 2060 813 2137 palmite
827 2076 948 2138 gemma
958 2069 1111 2122 movetur:

292 2165 367 2224 Nam
380 2165 488 2241 procul
502 2181 519 2223 a
534 2164 638 2224 Getico
648 2165 751 2225 littore
765 2165 833 2226 vitis
847 2167 944 2228 abest.

244 2272 373 2348 Quoque
387 2272 458 2331 loco
474 2282 522 2332 est
535 2272 636 2344 arbor,
653 2271 801 2350 turgescit
815 2272 846 2331 in
860 2274 972 2335 arbore
987 2290 1104 2345 ramus:

289 2381 363 2441 Nam
377 2380 487 2458 procul
502 2397 519 2440 a
534 2379 646 2442 Geticis
659 2380 770 2443 finibus
785 2382 879 2442 arbor
894 2383 992 2444 abest.

244 2485 307 2546 Otia
323 2503 406 2545 nuuc
422 2485 501 2557 istic,
514 2486 693 2565 junctisque
709 2503 748 2547 ex
762 2485 870 2547 ordine
884 2486 964 2548 rudis

293 2593 410 2653 Cedunt
424 2593 546 2653 verbosi
561 2595 685 2670 garrula
698 2594 778 2653 bella
792 2593 860 2655 fori.

245 2700 323 2760 Usus
339 2698 410 2774 equi
424 2715 507 2757 nunc
522 2708 581 2769 est,
598 2698 715 2757 levibus
730 2715 812 2757 nunc
826 2698 945 2759 luditur
958 2700 1062 2760 armis:

285 2804 373 2863 Nunc
387 2801 459 2879 pila,
476 2819 560 2862 nuno
579 2800 671 2861 colori
685 2801 814 2862 volvitur
828 2804 905 2864 orbe
919 2805 1058 2864 trochus.

245 2910 343 2980 Nunc,
360 2906 413 2967 ubi
426 2907 551 2984 perfusa
566 2917 613 2967 cst
627 2909 696 2969 olco
711 2909 832 2970 labente
842 2911 1002 2988 Juvcutus,

284 3013 427 3074 Deiessos
444 3023 529 3074 artus
545 3012 663 3092 virgine
679 3015 768 3093 tingit
780 3032 869 3092 aqua.

173 3195 174 3198 Ἴ
239 3122 337 3183 Scena
351 3121 443 3199 viget,
453 3120 625 3198 studiisque
640 3120 725 3181 favor
739 3120 921 3183 distantibus
936 3123 1035 3198 ardet,

282 3230 402 3304 Proque
420 3227 518 3288 tribus
532 3238 679 3288 resonant
693 3240 780 3289 torna
799 3229 918 3289 theatra
933 3228 1019 3289 foris.

241 3336 396 3413 Oquater,
415 3345 446 3394 ct
460 3335 581 3411 quoties
600 3347 722 3403 nonest
736 3353 909 3410 numerare,
926 3338 1063 3412 beatum,

285 3444 351 3502 Non
366 3442 529 3507 interdicta
545 3443 594 3505 cui
609 3443 681 3505 licet
696 3447 772 3505 urbe
786 3444 856 3505 irni!

249 3547 286 3607 At
300 3547 373 3607 mihi
388 3545 518 3607 sentitur
533 3549 586 3608 uix
601 3567 696 3610 veruo
713 3552 778 3611 soie
793 3551 904 3623 soluta,

290 3657 424 3732 Qnaequo
439 3657 507 3716 lacn
524 3658 601 3720 duro
619 3658 669 3718 vix
685 3658 840 3721 fodiantur
853 3677 952 3738 aquae.
