2932 5002
509 413 634 474 ..95-

39 540 101 599 Fae
118 539 210 599 modo
230 548 258 598 te
276 540 414 611 damnes,
433 540 601 618 cupiasque
617 544 745 604 eradere
761 544 836 605 vitm

89 645 252 722 Tempora,
271 643 296 704 si
309 644 422 722 possis,
440 644 636 723 Tisiphonen
651 658 726 709 tuae.

48 752 104 813 Sin
119 751 232 825 minus,
249 762 280 813 et
295 753 425 831 ssagrnnt
440 755 512 815 odio
528 766 580 816 tun
596 767 724 834 pectora
740 769 860 831 nostre,

90 863 200 924 induet
214 863 320 923 infelix
334 880 418 924 erma
436 875 543 925 coacta
561 866 662 926 dolor.

48 968 112 1029 Sim
126 968 198 1030 iicet
213 980 396 1042 extremum,
413 969 493 1030 siout
515 987 595 1044 sum,
612 971 724 1032 missus
747 973 778 1032 in
794 972 913 1046 orbem,

93 1075 203 1136 Nostra
219 1091 290 1135 suas
309 1075 388 1135 istuc
406 1075 547 1154 porriget
562 1077 608 1137 ira
621 1093 743 1138 munus.

53 1179 172 1254 Omnia,
190 1180 216 1241 si
230 1180 342 1255 neseis,
358 1181 459 1241 Caesar
474 1181 547 1241 mihi
562 1183 634 1258 jura
649 1183 784 1260 reliquit,

93 1289 131 1347 Et
145 1288 210 1348 seia
225 1298 272 1348 est
286 1288 384 1366 patria
399 1304 492 1365 poena
507 1305 613 1349 curere
633 1305 712 1349 men.

55 1397 92 1456 Et
110 1397 252 1474 patriam,
269 1398 363 1458 modo
384 1396 424 1458 sit
439 1413 559 1474 sospes,
576 1414 738 1476 speramus
752 1398 791 1459 ab
806 1397 871 1460 illo.

102 1506 190 1582 Saepe
205 1505 287 1567 iouis
302 1507 366 1566 telo
381 1522 514 1583 quereus
529 1507 636 1568 ndnste
653 1507 741 1568 viret.

59 1611 197 1687 Denique
211 1610 354 1673 vindictae
369 1611 394 1673 si
410 1611 449 1701 sit
464 1611 537 1672 mihi
552 1613 636 1673 nulia
650 1613 793 1687 facultas,

100 1718 234 1780 Pierides
250 1719 329 1781 vires
345 1729 376 1780 et
397 1737 452 1781 sua
467 1721 527 1782 teia
543 1721 671 1782 dabunt.

57 1828 95 1888 Ut
107 1827 255 1905 Scythicis
275 1828 410 1890 habitem
422 1829 514 1906 longe
532 1837 705 1889 summotus
725 1829 756 1887 iu
771 1829 845 1901 oris,

99 1934 247 2012 Siccaque
261 1935 322 1997 sint
336 1935 434 1995 oculis
448 1933 590 2012 proxima
613 1934 700 2013 signa
715 1934 802 2005 meis;

62 2042 172 2103 Nostra
186 2059 243 2119 per
257 2041 423 2102 immensas
437 2041 524 2102 ibunt
540 2038 695 2119 prcecouin
710 2051 829 2119 gentes,

104 2147 251 2225 Quodque
270 2163 394 2225 querar,
412 2156 532 2220 notum,
549 2162 610 2224 qne
625 2157 710 2225 patet
724 2146 820 2221 orhiS,
837 2146 905 2208 erit.

62 2253 122 2315 Ibit
136 2255 174 2314 ed
189 2271 345 2327 occasum,
366 2253 513 2331 quidquid
527 2252 675 2328 dicemus,
692 2253 825 2315 abortu:

106 2359 204 2421 Testis
219 2370 250 2421 et
263 2360 419 2437 Hesperiae
432 2359 518 2419 vocis
533 2361 614 2419 Eous
630 2359 698 2418 erit.

64 2471 160 2531 Trans
175 2487 232 2547 ego
250 2468 402 2539 tellurem,
419 2475 503 2525 trans
520 2467 596 2525 letus
610 2465 716 2525 audiar
728 2467 838 2539 undas,

106 2579 143 2638 Et
163 2575 294 2653 gemitus
312 2590 372 2633 vox
387 2582 435 2632 est
449 2586 558 2648 magna
572 2573 674 2632 futuru
689 2572 759 2633 mei.

62 2683 126 2743 Nee
147 2689 242 2740 tuate
257 2687 377 2739 sontem
393 2678 606 2738 tantummodo
617 2677 731 2738 saecula
744 2678 862 2740 norint:

106 2792 267 2868 Perpetuos
282 2788 398 2849 crimen
413 2786 605 2866 posteritatis
620 2787 692 2848 eris.

65 2901 132 2960 lam
151 2897 235 2958 feror
249 2897 280 2956 in
295 2913 425 2974 pugnas,
446 2905 478 2956 et
499 2896 637 2956 nondum
653 2912 770 2957 cornua
790 2898 897 2958 sumsi.

110 3006 171 3066 Nec
186 3004 259 3066 mihi
274 3005 415 3066 sumendi
432 3020 524 3065 eausa
545 3003 584 3064 sit
598 3004 661 3064 ulia
677 3003 778 3064 velim.

67 3115 173 3175 Circus
187 3113 287 3174 adhuc
302 3123 413 3172 cessat:
430 3110 548 3190 spargit
561 3120 663 3171 tamen
678 3126 750 3172 acer
765 3127 892 3173 arenam

110 3222 239 3292 Taurus,
257 3228 287 3279 et
301 3218 413 3279 infesto
420 3218 483 3294 jam
498 3217 579 3294 pede
590 3217 693 3294 pulsnt
708 3216 847 3277 humum.

70 3328 136 3389 Hoc
150 3341 283 3403 quoque,
301 3339 392 3401 quam
413 3321 506 3395 votui,
521 3321 591 3399 pius
606 3331 664 3381 est.
681 3320 772 3395 Cane,
788 3322 884 3397 Musa,
901 3330 1054 3401 receptus,

113 3434 188 3492 [tum
199 3430 271 3493 licet
291 3429 362 3491 huic
377 3444 491 3490 nomen
506 3425 700 3488 dissimulare
716 3444 818 3488 suum.
