2932 5002
695 315 816 376 ..94-

236 453 295 526 Sic,
312 453 412 513 animo
430 453 584 530 quondam
601 470 663 513 non
681 453 835 513 divinante
852 454 960 514 lutura

279 563 425 640 Optabam
440 561 558 640 placide
573 561 673 623 vivere
687 579 779 640 posse
808 578 915 624 senex.

239 671 310 731 Fata
323 679 545 747 repugnarunt,
561 685 642 746 quae,
660 687 730 729 cum
746 669 818 728 milri
834 679 974 746 tempora
1001 668 1101 747 prima

282 774 381 835 lllollia
396 775 596 853 praebuerint,
614 775 788 854 posteriora
803 785 944 854 gravant.

238 882 365 957 Jamque
375 882 482 941 decem
495 881 601 941 lustris
616 881 699 941 omni
714 880 779 941 sine
794 881 864 940 labe
879 881 1027 959 peractis,

283 989 372 1048 Parte
386 1003 510 1065 premor
526 986 594 1048 vitae
604 987 759 1050 deteriore
774 1003 865 1047 meae.

240 1095 300 1155 Nec
315 1095 424 1172 procul
438 1111 456 1154 a
468 1095 568 1168 metis,
585 1111 661 1172 quas
678 1111 769 1173 paene
783 1105 890 1158 tenere
904 1094 1043 1166 videbar,

285 1204 445 1267 curriculo
461 1204 560 1283 gravis
575 1215 622 1266 cst
637 1206 716 1266 sacta
732 1203 821 1266 ruina
837 1221 919 1266 meo.

244 1313 325 1392 Ergo
335 1314 421 1375 illum
442 1315 613 1375 demensio
632 1333 680 1376 me
696 1315 806 1376 saevire
820 1314 922 1392 coegi,

284 1419 550 1482 lllitiusinmensus
565 1439 628 1499 quo
638 1421 712 1481 nihil
728 1422 810 1483 orbis
821 1421 932 1482 habeta

243 1527 372 1603 lpsaque
386 1526 505 1588 delictis
518 1527 597 1589 victa
611 1538 659 1589 est
676 1526 840 1589 clementia
855 1525 984 1587 nostris:

283 1632 344 1692 Nec
356 1642 457 1693 tamen
470 1632 569 1695 errori
584 1633 643 1695 vita
657 1643 770 1712 negata
789 1634 876 1695 ruent

249 1738 315 1801 Vita
332 1741 443 1817 procul
465 1740 563 1819 patria
577 1742 752 1819 peragenda
767 1741 825 1801 sub
840 1756 898 1800 ane
908 1740 1022 1811 Boreo,

289 1845 353 1916 Qua
369 1846 462 1909 maris
475 1846 585 1909 Euxini
600 1857 682 1908 terra
697 1846 821 1907 sinistra
829 1847 925 1923 jacet.

245 1957 316 2016 naec
331 1953 403 2015 min
414 1955 439 2015 si
454 1956 573 2034 nerpu,
591 1939 779 2032 octonaque
790 1955 907 2016 arceret
922 1954 1003 2032 apsa,

286 2065 360 2124 Esse
371 2063 527 2125 uideretur
540 2081 638 2126 vanus
655 2075 786 2142 uterque
801 2066 901 2126 locus,

246 2169 291 2230 Nil
305 2170 383 2229 adeo
398 2163 537 2229 validum
551 2187 595 2241 es,
613 2170 739 2231 adamas
753 2171 824 2231 licet
838 2169 953 2249 adliget
967 2170 1061 2242 illud,

295 2278 332 2339 Ut
347 2288 468 2338 maneat
484 2277 594 2356 rapido
610 2278 727 2339 arreins
742 2279 813 2357 igne
830 2278 923 2340 lovis.

249 2384 294 2444 Nil
309 2384 350 2446 ita
372 2384 501 2446 sublime
516 2396 573 2459 est,
594 2403 749 2464 supraque
765 2386 902 2464 pericula
916 2384 1030 2458 tendit,

289 2492 355 2553 Non
370 2491 409 2553 sit
422 2502 456 2553 ut
470 2491 596 2552 inferius
611 2492 869 2570 subpositumque
886 2493 959 2553 deo.

247 2601 320 2661 llam
336 2617 520 2677 quamquam
535 2599 607 2663 vitio
618 2617 691 2679 pars
706 2611 755 2662 est
767 2600 1110 2671 contractamalorum,

289 2708 360 2767 Plus
374 2718 475 2767 tamen
491 2708 574 2769 exitii
588 2708 725 2768 numinis
740 2707 785 2768 ira
800 2707 901 2768 dedit.

246 2813 284 2874 tt
298 2831 352 2874 vos
366 2815 512 2877 admoniti
527 2816 643 2877 nostris
655 2832 779 2892 quoqne
793 2815 915 2876 casibus
930 2824 1009 2887 estc,

292 2925 473 3001 AEquantem
487 2940 617 3001 superos
632 2922 801 2983 emeruisse
817 2922 927 2984 virum.

579 3144 763 3200 nuella
782 3145 857 3199 lx.

252 3361 281 3420 Si
296 3361 378 3432 licet,
395 3369 426 3419 et
440 3356 566 3436 pateris,
586 3374 700 3418 nomen
713 3355 896 3434 facinusque
909 3356 1033 3426 tacebo,

295 3469 332 3526 tlt
346 3475 397 3526 tna
412 3463 542 3525 Lethaeis
557 3474 626 3524 acta
642 3464 800 3524 dabuntur
814 3461 914 3538 aquis:

250 3572 420 3648 Nostraque
435 3569 572 3632 vincetur
591 3569 733 3647 lacrymis
748 3567 911 3628 clementia
928 3565 1018 3628 seris:

290 3679 348 3737 Fac
368 3679 460 3739 modo
477 3689 506 3738 tc
521 3688 624 3755 pateat
639 3675 823 3755 poenituisse
844 3675 902 3736 tui:
