2932 5002
527 378 647 437 „qq-

70 508 150 584 Ergo
166 523 256 583 quam
271 504 382 565 misero
397 513 460 566 tam
473 521 546 566 vero
561 516 639 567 teste
653 507 805 583 probaris:

111 611 163 670 llic
177 611 300 686 aliquod
315 610 437 687 pondus
451 610 583 672 simodo
599 610 685 672 testis
701 611 803 670 habet.

71 718 131 778 Nee
145 719 297 796 probitate
311 728 362 779 tua
376 718 461 794 qrier
475 729 522 778 est
535 729 588 779 aut
601 718 739 779 Hectoris
755 735 844 788 uxor,

113 824 171 884 Aut
186 841 289 884 eomes
303 824 453 884 exstineto
468 823 628 884 Laodamia
643 823 722 882 viro.

73 928 116 987 Tu
128 927 154 988 si
167 927 328 988 Maeonium
343 938 440 989 vatem
456 928 563 989 sortita
577 927 700 999 fuisses,

115 1034 281 1112 Penelopes
295 1045 376 1096 esset
389 1035 468 1096 lama
482 1035 617 1096 secunda
632 1044 705 1095 tuae.

74 1139 141 1200 Sive
155 1139 207 1200 tibi
222 1142 281 1201 hoe
295 1142 400 1213 debes,
417 1141 499 1201 nulla
512 1140 562 1218 pia
576 1140 655 1201 sacra
669 1139 826 1218 magistra,

115 1246 250 1323 Cumque
264 1261 342 1306 nova
356 1263 458 1307 mores
473 1256 545 1307 sunt
559 1245 613 1306 tibi
628 1247 698 1306 luce
714 1244 788 1305 dati:

73 1351 194 1414 Femina
207 1369 261 1413 seu
275 1352 419 1430 princeps
433 1368 542 1413 omnes
556 1351 610 1413 tibi
625 1353 706 1412 eulta
720 1367 903 1428 perunum,

116 1460 156 1519 Te
171 1460 263 1520 docet
275 1460 449 1536 exemplum
463 1457 603 1536 conjugis
618 1474 687 1520 esse
701 1459 806 1524 bonam

75 1563 310 1640 adsimilemque
325 1564 371 1624 sui
384 1564 477 1642 longa
490 1562 692 1625 adsuetudine
707 1562 793 1624 feeit:

119 1674 247 1735 Grandia
261 1674 286 1734 si
300 1673 400 1753 parvis
414 1672 587 1736 adsimilare
602 1672 685 1734 lieet.

77 1783 141 1844 Heu
155 1783 238 1856 milri,
255 1801 318 1844 non
332 1801 457 1863 magnas
472 1785 555 1861 quod
569 1785 683 1845 habent
696 1799 764 1845 mea
778 1783 912 1845 earmina
928 1784 1021 1855 vires,

115 1891 285 1968 Nostraque
298 1903 370 1953 sunt
383 1892 499 1953 meritis
514 1908 569 1952 ora
583 1891 701 1952 minora
716 1891 789 1962 tuis;

79 2000 109 2060 Si
124 1999 197 2077 quid
211 1999 287 2061 etin
302 1999 390 2061 nobis
404 2000 462 2061 viri
476 1999 532 2061 fuit
545 2011 617 2060 ante
630 1998 756 2077 vigoris,

121 2104 313 2166 Exstinemm
328 2105 428 2184 longis
442 2106 555 2167 oceidit
570 2122 661 2167 omne
677 2105 775 2168 malis!

82 2211 180 2271 Prima
194 2211 296 2272 lecum
310 2221 431 2273 sanctas
446 2211 588 2272 heroidas
602 2211 681 2273 inter
695 2211 836 2279 haberes

124 2318 222 2378 Prima
236 2317 326 2379 honis
340 2317 431 2379 animi
445 2319 661 2397 conspicerere
675 2318 730 2380 tui.

82 2425 365 2500 Quantumcumque
378 2435 478 2485 tamen
494 2424 649 2501 praeconia
662 2434 769 2484 nostra
782 2419 943 2501 [valebune

120 2529 312 2589 Carminibus
327 2529 409 2589 vives
424 2540 545 2605 tempus
560 2530 591 2589 in
606 2545 697 2589 omne
713 2528 798 2589 meis.

454 2743 635 2800 unllam
649 2743 739 2799 vll.

362 2880 385 2921 u

81 2954 111 3016 si
126 2953 194 3032 quis
208 2954 302 3014 habes
317 2949 430 3012 nostris
445 2951 559 3012 similes
570 2950 601 3010 in
615 2950 745 3029 imagine
760 2952 873 3022 vultus3

117 3065 209 3124 Deme
223 3060 298 3124 meis
312 3061 452 3134 hederas,
467 3060 614 3122 Baeelaiea
627 3071 719 3133 serra,
736 3060 844 3120 comis.

77 3171 138 3232 Ista
152 3170 262 3231 decent
275 3168 363 3229 laetos
379 3166 477 3228 felicia
492 3167 578 3245 signa
592 3178 711 3244 poetas.

118 3278 318 3356 Temporibus
332 3296 395 3339 non
409 3288 458 3339 est
471 3287 543 3354 apia
557 3294 673 3339 ooroua
689 3277 777 3338 meis.

77 3386 148 3445 Haee
162 3382 217 3443 tibi
231 3382 414 3452 dissimulas,
431 3383 526 3443 semis
541 3393 655 3454 tamen,
673 3382 798 3459 optime,
816 3381 887 3452 diei,

120 3493 154 3551 ln
167 3489 262 3568 digito
277 3488 329 3566 qui
343 3506 392 3550 me
406 3489 529 3564 fersque
544 3488 703 3565 refersque
718 3501 783 3560 tao;

80 3598 277 3678 Effigiemque
291 3614 389 3658 meam
404 3598 486 3658 lulvo
501 3597 682 3675 complexus
698 3597 729 3656 in
744 3613 831 3669 auro,

124 3706 197 3766 Cara
213 3704 351 3783 relegati,
369 3720 428 3781 qua
443 3714 544 3781 potes,
564 3720 619 3765 ora
632 3702 726 3774 vides;
