2932 5002
525 401 645 467 45..

111 532 261 615 Tempora
276 536 301 598 si
315 535 429 597 luerint
443 536 558 609 nubila,
575 537 659 598 solus
674 536 745 598 eris.

70 642 221 720 Adspicis,
237 653 272 704 ut
286 642 409 704 veniant
423 642 462 703 ad
477 642 606 705 candide
619 653 702 705 tecta
722 642 884 716 columbae,

111 749 246 827 Accipiat
259 750 359 810 nullas
373 748 497 810 sordida
510 748 604 809 turris
622 766 704 810 aves.

70 854 184 916 Horrea
199 854 335 916 lormieae
347 855 479 916 tendunt
490 855 530 914 ad
540 854 641 915 inania
654 870 822 932 nunquam:

111 961 215 1021 Nullus
228 961 267 1021 ad
283 959 409 1021 amissas
423 959 478 1020 ibit
492 959 608 1021 amicam
628 975 717 1036 opes.

69 1062 168 1143 thue
180 1081 285 1127 eomes
298 1065 401 1128 radios
414 1082 471 1143 per
485 1064 559 1126 solis
573 1064 716 1127 euntibus
729 1066 851 1137 umbra,

110 1171 208 1242 Quum
222 1172 295 1232 latet
314 1170 363 1230 bio
378 1184 505 1249 pressus
520 1169 665 1243 nubibus,
681 1168 733 1229 illa
749 1169 839 1247 fugin

69 1275 178 1336 Mobile
191 1276 235 1337 sic
249 1276 387 1354 sequitur
401 1277 534 1339 louunae
547 1275 664 1337 lumina
681 1275 808 1354 vulgum

110 1381 183 1452 Quae
200 1381 289 1441 simul
303 1381 428 1443 inducta
443 1381 526 1442 nube
539 1389 698 1472 teguntur,
713 1379 786 1440 abit.

70 1492 140 1552 Haec
153 1508 265 1570 precor
278 1502 313 1553 ut
326 1490 447 1569 possint
462 1507 584 1569 semper
599 1491 654 1552 tibi
675 1491 750 1552 laisa
766 1491 872 1553 rideri:

111 1602 187 1661 Sunt
203 1610 306 1662 tamen
321 1611 432 1662 eventu
451 1617 524 1662 vera
540 1601 663 1663 fatenda
678 1617 758 1665 meo.

71 1709 147 1769 llum
162 1709 311 1781 stetimus,
327 1711 427 1771 turben
441 1721 590 1787 quantum
605 1710 678 1771 satis
694 1720 787 1783 esset,
801 1709 932 1771 babebat

111 1816 186 1876 Nota
202 1815 338 1892 quidem,
354 1818 409 1877 sed
425 1832 488 1876 non
505 1816 664 1878 ambitiosa
681 1818 802 1877 domus.

71 1922 107 1983 At
125 1922 215 1983 simul
232 1923 362 2001 impulsa
382 1933 440 1994 est,
460 1939 568 1982 omues
584 1921 713 1984 timuere
729 1922 861 1995 ruinam,

113 2029 269 2105 Cautaque
285 2028 441 2089 communi
455 2038 541 2106 terga
558 2028 671 2090 dedere
685 2028 777 2106 fugae.

70 2139 156 2198 Saeva
173 2154 230 2199 nec
248 2137 382 2199 admiror
401 2147 541 2198 metuunt
560 2137 586 2197 si
600 2137 737 2210 fulmina,
756 2154 888 2214 quorum

112 2245 235 2323 Ignibus
251 2245 356 2306 adllari
372 2244 512 2323 proxima
526 2260 656 2322 quaeque
673 2243 786 2306 vident.

71 2353 129 2413 Sed
148 2362 251 2412 taumn
268 2352 299 2412 in
318 2352 403 2413 duris
417 2362 627 2412 remanentem
645 2353 738 2413 rebus
752 2353 884 2414 amicum

113 2457 284 2528 Quamlibet
296 2456 393 2518 inviso
410 2457 512 2516 Caesar
527 2457 559 2516 iu
573 2457 663 2517 hoste
676 2457 799 2534 probat3

70 2563 130 2624 Nec
144 2563 223 2623 solet
239 2561 341 2633 irasci,
358 2577 462 2637 neque
476 2561 557 2620 enim
570 2561 758 2622 moderatior
772 2561 861 2633 alter,

113 2668 211 2739 Quum
229 2665 297 2743 quis
310 2665 342 2724 in
361 2662 508 2738 aduersis,
527 2664 553 2724 si
573 2663 646 2741 quid
664 2664 784 2737 amavit,
800 2676 892 2726 emat.

71 2775 113 2833 lle
128 2772 241 2833 comite
255 2769 430 2850 Argolicum
445 2780 609 2848 postquam
623 2769 771 2849 coguovit
784 2769 919 2843 Oresten,

110 2881 257 2940 Narratur
274 2876 407 2957 Pyladen
422 2878 489 2956 ipse
503 2879 653 2956 probasse
672 2879 782 2940 Thoas.

76 2986 148 3057 Quae
165 2985 222 3046 luit
235 2986 387 3048 Actoridae
400 3000 471 3047 cum
486 3002 597 3064 magno
614 3002 737 3063 semper
755 2985 879 3058 Achille,

112 3091 244 3152 Laudari
264 3091 354 3153 solita
368 3102 417 3152 est
430 3091 569 3152 Hectoris
583 3108 638 3152 ore
651 3091 738 3152 fides.

72 3198 158 3267 Quod
179 3199 252 3275 pius
267 3200 307 3259 ad
321 3200 428 3259 Manes
441 3199 577 3259 Theseus
597 3214 701 3258 eomes
715 3198 791 3259 isset
804 3198 911 3269 amico,

113 3305 295 3364 Tartareum
315 3305 423 3365 dicunt
443 3304 612 3365 indoluisse
623 3306 726 3365 deum.

67 3410 192 3487 Euryali
212 3410 337 3487 Nisique
358 3413 418 3472 lide
433 3412 498 3485 tibi,
519 3414 632 3484 Turne,
649 3414 755 3483 relata,

109 3518 259 3579 Credibile
273 3529 320 3578 est
336 3519 478 3596 lacrymis
497 3519 693 3580 immaduisse
711 3535 818 3597 genas.

68 3624 120 3683 list
132 3624 222 3684 etiam
237 3624 355 3684 miseris
370 3625 478 3702 pietas,
497 3636 528 3686 et
542 3625 573 3684 iu
589 3627 679 3685 hoste
696 3625 857 3702 probatur.

109 3735 183 3793 llen!
204 3734 275 3793 milri
300 3752 389 3810 quam
415 3751 530 3812 paucos
546 3737 612 3797 haec
627 3751 694 3796 men
711 3734 791 3797 diota
804 3734 938 3796 movent!
