2932 5002
706 411 848 471 -ll9-

258 535 302 597 llil
322 546 409 597 entra
424 545 524 597 tutum
540 545 597 596 est:
617 537 752 597 tumulus
767 535 941 598 defenditur
955 550 1037 614 aegre

300 640 452 702 Moenibus
467 641 597 718 exiguis,
610 640 795 718 ingenioque
807 641 880 703 luci.

261 749 361 820 Quum
379 748 504 809 minime
516 749 636 820 credas
652 759 779 821 uteres,
796 749 995 810 densissimus
1009 748 1106 811 hostis

304 855 444 926 Advolat,
460 864 491 914 et
505 855 642 932 praedarn
657 853 708 913 vix
721 855 800 915 benc
814 855 898 915 visus
912 854 985 932 agit.

262 965 351 1040 Saepe
362 961 443 1023 intra
457 979 564 1022 muros
578 961 690 1022 clausis
704 961 855 1022 venientia
876 961 974 1039 portis

258 1100 260 1104 Α
302 1071 360 1129 Per
374 1068 489 1129 medias
503 1068 633 1145 legimus
647 1069 739 1128 noxia
754 1070 814 1128 tela
829 1069 904 1129 vias.

259 1179 313 1238 Est
327 1177 420 1254 igitur
436 1193 538 1248 rarus,
556 1177 609 1254 qui
624 1194 678 1237 rus
700 1178 803 1237 colere
820 1178 942 1248 audeat;
959 1176 1045 1253 isque

302 1285 363 1344 Hac
378 1292 444 1343 arat
458 1283 573 1357 infelix,
590 1285 646 1344 hac
666 1293 748 1344 tenet
763 1300 848 1343 arrna
863 1299 965 1343 manu.

263 1391 327 1451 Sub
344 1391 427 1466 galea
447 1399 550 1466 pastor
559 1390 675 1467 junctis
689 1390 758 1467 pice
766 1399 870 1450 cantat
884 1388 996 1461 avenis;

305 1501 425 1576 Proque
439 1501 513 1576 lupo
527 1500 645 1576 puvidae
659 1501 739 1561 bella
754 1511 901 1561 verentur
915 1515 998 1560 oves.

266 1603 323 1663 Vix
338 1621 397 1681 ope
412 1605 529 1665 castelli
542 1604 746 1678 deiendimnr;
764 1615 911 1666 ettamen
926 1605 1009 1666 intus

308 1708 395 1770 Mistu
409 1709 481 1770 iacit
495 1709 590 1770 Graiis
604 1710 734 1771 barbare
749 1712 839 1772 turha
854 1721 980 1771 metum:

266 1815 387 1892 Quippe
402 1815 492 1876 simul
506 1815 596 1876 nubis
610 1816 728 1876 habitat
743 1816 918 1877 discrimine
932 1816 1017 1875 nullo
1034 1886 1036 1890 μ

309 1924 473 1995 Barbarus,
489 1932 520 1982 et
536 1923 610 1983 tecti
625 1923 697 1999 plus
713 1939 837 1998 quoque
852 1931 940 1999 parte
954 1931 1048 1981 tenet.

236 2006 245 2019 ⁸
270 2028 354 2099 Quos
368 2039 402 2089 ut
418 2046 482 2088 nun
500 2028 618 2100 timeas,
635 2027 736 2105 possis
751 2027 854 2089 odisse
867 2027 998 2087 videndo

312 2136 444 2197 Pellibus
460 2147 491 2197 et
506 2138 600 2213 longa
615 2147 755 2214 ternpore
769 2145 850 2196 tecta
868 2152 967 2196 coma.

272 2245 333 2304 llus
350 2261 485 2321 quoque,
503 2243 556 2321 qui
571 2243 665 2322 geniti
680 2244 767 2304 Graia
782 2245 954 2305 creduntur
968 2244 1006 2303 ab
1023 2243 1111 2313 urbe,

310 2351 368 2409 Pru
384 2351 485 2427 patrio
502 2353 587 2410 cultu
601 2351 721 2410 Persica
735 2353 849 2410 bracca
864 2349 949 2423 tegit.

270 2459 423 2518 Exercent
438 2457 481 2516 illi
498 2456 592 2516 sociae
607 2455 793 2514 commercia
809 2455 933 2530 linguae:

311 2568 369 2625 Per
388 2574 509 2642 gestum
525 2581 575 2623 res
591 2573 638 2623 est
653 2563 849 2639 significanda
863 2561 947 2622 mihi.

268 2671 424 2731 Barbarus
440 2669 489 2729 hic
508 2686 566 2746 ego
582 2685 661 2740 surn,
681 2668 827 2744 quianon
843 2665 996 2743 intelligor
1010 2666 1074 2737 ulli;

317 2776 354 2835 Et
368 2775 469 2836 rident
484 2773 586 2836 stolidi
601 2776 693 2834 verbu
706 2773 810 2834 Latina
825 2774 918 2834 Getae:

271 2884 381 2958 Meque
396 2884 498 2958 palarn
517 2883 556 2942 de
570 2899 619 2942 me
635 2892 702 2942 tutu
716 2882 795 2941 rnala
810 2897 892 2958 saepe
905 2881 1084 2957 loquuntur;

313 2989 455 3050 Forsitan
472 2989 624 3066 objiciunt
639 2988 840 3065 exsiliumque
854 2987 938 3047 mihi.

277 3097 375 3171 thue
389 3094 433 3168 fit,
449 3096 481 3155 in
498 3113 547 3157 me
563 3095 689 3172 aliquid,
710 3095 736 3156 si
751 3094 824 3171 quid
839 3093 1010 3155 dicentibus
1025 3092 1084 3152 illis

317 3201 482 3263 Abnuerim
504 3201 625 3277 quoties
638 3199 870 3275 adnuerirnqne,
886 3208 1005 3276 putant.

273 3307 369 3381 Adde,
386 3307 470 3383 quud
485 3306 634 3382 injustum
654 3305 753 3383 rigido
765 3305 817 3379 jns
838 3303 949 3363 dicitur
964 3319 1048 3374 ense,

316 3415 433 3473 Dantur
449 3421 481 3471 et
497 3411 528 3469 in
544 3410 645 3471 rnedio
665 3412 792 3470 vulnera
806 3425 890 3486 saepe
907 3409 987 3468 foro.

275 3524 422 3585 Oduram
440 3520 600 3592 Lachesin,
618 3537 688 3596 quae
700 3529 750 3580 tan
767 3535 859 3596 grave
877 3517 960 3578 sidus
976 3515 1099 3575 habenti

319 3631 380 3691 Fila
396 3631 480 3692 dedit
497 3630 568 3690 vitae
586 3646 649 3688 non
660 3628 803 3688 breviore
818 3626 906 3686 meae!

277 3737 366 3807 Quod
381 3738 488 3816 patriae
503 3737 600 3810 uultu,
621 3744 786 3810 vestroque
801 3748 954 3804 caremus,
972 3730 1070 3802 amici,
