2932 5002
717 374 835 432 *67³¹

299 499 336 561 Et
350 512 491 578 superest
506 501 571 562 sine
584 518 633 562 me
648 520 759 564 nomen
774 503 805 562 in
822 505 897 564 urbe
913 520 1026 576 meum;

257 606 457 684 subpositum
472 607 568 670 stellis
584 626 751 686 numquam
765 610 962 687 tangentibus
975 628 1083 687 aequor

299 716 346 775 Me
360 716 436 777 sciat
449 716 480 776 in
494 717 593 777 media
606 718 707 779 vivero
721 718 872 780 barbarie.

257 821 445 882 Sauromatae
460 822 597 900 cingunt,
614 824 678 884 fera
692 842 779 901 gens,
797 825 942 903 Bessique
957 828 1111 904 Getaeque:

300 928 394 998 Quam
408 945 471 989 non
487 928 610 1007 ingenio
624 930 747 990 nomina
762 931 853 1009 digna
867 933 948 993 meo!

258 1037 334 1095 llum
348 1046 448 1097 tamen
463 1053 537 1097 aura
551 1049 646 1116 tepet,
668 1039 768 1100 medio
783 1040 975 1102 defendimur
989 1043 1078 1113 lstro;

301 1141 353 1202 llle
366 1141 429 1203 suis
447 1141 580 1220 liquidus
594 1145 675 1204 bella
689 1144 810 1221 repellit
824 1145 922 1222 aquis.

258 1247 296 1308 At
309 1263 379 1308 cum
393 1248 488 1311 tristis
501 1251 609 1327 hyems
623 1249 804 1327 squallentia
817 1250 946 1327 protulit
961 1269 1027 1324 ora,

300 1358 454 1434 Terraque
468 1374 641 1420 marmoreo
656 1359 785 1420 eandida
797 1359 876 1420 facta
889 1360 962 1437 gelu
980 1372 1037 1433 esu

219 1551 222 1556 Ι
259 1466 335 1524 Dum
350 1476 435 1542 patet
448 1476 479 1526 et
492 1467 605 1527 Boreas
618 1477 650 1527 et
662 1466 715 1526 nix
729 1466 840 1543 injecta
855 1469 913 1529 suh
927 1467 1032 1540 Arcto,

300 1575 377 1634 Tum
391 1574 486 1651 liquet
499 1576 554 1635 luas
568 1586 677 1653 gentes
689 1591 746 1635 axe
761 1585 911 1636 tremente
926 1576 1036 1654 premi.

259 1679 315 1740 Nix
323 1680 418 1757 jacet,
434 1691 465 1742 et
475 1679 591 1757 jactam
606 1697 663 1742 nee
678 1682 725 1741 sol
740 1680 892 1759 pluviave
907 1683 1077 1744 resolvunt:

302 1786 426 1848 lndurat
438 1789 561 1859 Boreas,
577 1798 819 1866 perpetuamque
835 1787 919 1849 faoit.

259 1896 352 1972 Ergo,
366 1895 418 1957 ubi
435 1894 560 1957 delicuit
573 1897 710 1957 nondum
725 1894 822 1973 prior,
838 1897 935 1955 altera
950 1897 1048 1957 venit:

302 2002 339 2061 Et
352 2003 431 2063 solet
444 2001 475 2060 in
492 2002 596 2062 multis
609 2001 692 2062 bima
707 2017 832 2062 manere
851 1999 939 2062 locis.

260 2112 415 2188 Tantaque
428 2111 573 2172 commoti
589 2111 632 2171 vis
646 2121 693 2171 est
707 2110 877 2187 Aquilonis,
897 2120 930 2172 ut
943 2112 1020 2172 altas

301 2220 412 2295 AEquet
424 2220 519 2280 humo
535 2229 649 2292 turres,
665 2227 808 2295 tectaque
823 2230 911 2296 rapta
924 2219 1012 2282 ferat.

260 2324 403 2397 Pellibus,
419 2335 449 2385 et
463 2325 539 2385 sutis
552 2335 659 2386 arcent
673 2326 753 2385 male
766 2325 882 2402 frigora
899 2326 1031 2396 braccis,

302 2429 419 2507 Oraque
433 2431 471 2490 de
484 2439 552 2491 toto
567 2445 700 2506 corpore
714 2429 780 2488 sola
794 2438 911 2505 patent.

260 2538 348 2616 Saepo
362 2546 474 2597 sonant
487 2535 562 2597 moti
576 2534 674 2613 glacio
687 2535 842 2612 pendente
856 2534 974 2612 capilli,

303 2646 340 2705 Et
354 2643 430 2705 nitet
444 2642 570 2704 inducto
588 2641 718 2703 candida
729 2642 825 2703 barba
845 2643 928 2720 gelu:

261 2752 409 2829 Nudaque
424 2750 597 2812 consistunt
611 2750 739 2811 formam
756 2749 907 2811 servantia
923 2759 1012 2812 testae

304 2859 389 2921 Vina:
405 2877 463 2921 nec
477 2861 586 2922 hausta
600 2857 690 2932 meri,
706 2858 761 2919 sed
782 2859 852 2921 data
865 2857 964 2920 frusta
978 2859 1097 2922 bibunt.

263 2965 340 3037 Quid
352 2967 473 3043 loquar,
489 2976 524 3027 ut
537 2964 631 3027 vineti
646 2974 850 3026 concrescant
864 2963 979 3043 frigore
995 2965 1064 3038 riri,

304 3074 408 3150 Deque
422 3075 491 3134 lacu
505 3073 630 3151 fragiles
644 3072 828 3133 effodiantur
843 3073 946 3150 aquae‘l

263 3182 343 3258 lpse,
360 3179 534 3258 papyrifero
548 3180 601 3257 qui
616 3197 679 3240 non
693 3180 854 3258 angustior
868 3197 970 3251 amno,

307 3287 451 3349 Miscetur
471 3298 558 3349 vasto
573 3289 671 3348 multa
685 3304 742 3364 per
756 3302 811 3346 ora
826 3287 918 3358 freto,

265 3393 420 3456 Caeruleos
435 3392 533 3454 ventis
547 3391 653 3452 latices
667 3391 850 3452 durantibus
865 3392 941 3453 lster

307 3498 465 3575 Congolat‚
482 3507 513 3557 et
528 3495 617 3555 tectis
630 3494 662 3554 in
677 3510 762 3554 mare
776 3493 873 3571 serpit
888 3496 987 3572 aquis.

266 3609 392 3682 Quaque
405 3612 486 3662 rates
500 3600 610 3673 ierant,
625 3599 756 3679 pedibus
770 3617 853 3661 nuno
867 3599 940 3675 itur,
956 3611 988 3664 et
1003 3604 1099 3664 undas

309 3709 434 3789 Frigore
452 3716 616 3773 concretas
632 3706 747 3786 ungula
761 3707 864 3786 pulsat
878 3707 960 3786 equi3
