2932 5002
713 350 832 408 ..42-

260 476 309 536 Sic
324 494 382 554 ego
398 476 533 550 delicias,
551 488 582 537 et
596 477 698 538 mollia
717 478 851 538 carmina
866 478 935 548 feci,

292 583 455 645 strinxerit
469 596 503 646 ut
521 601 634 645 nomen
645 584 748 645 fabula
763 585 846 660 nulla
861 601 975 646 meum.

252 689 312 750 Nec
326 690 487 766 quisquam
502 702 549 752 est
562 692 640 752 adeo
664 691 764 752 media
779 693 817 752 de
830 693 920 768 plebe
935 690 1074 764 maritus,

295 793 339 856 Ut
353 797 464 857 dubius
480 796 551 858 vitio
567 796 606 857 sit
622 806 710 873 pater
725 797 775 857 ille
789 814 870 858 meo.

247 966 249 970 ยน
262 901 358 962 Crede
372 902 456 975 mihi,
474 903 588 963 distant
599 919 702 963 mores
722 920 741 964 a
755 902 891 963 carmine
906 903 1013 964 nostri.

305 1009 369 1070 Vita
384 1010 557 1070 verecunda
568 1020 625 1082 est,
642 1011 726 1071 Musa
736 1009 846 1086 jocose
860 1009 943 1071 milri.

262 1118 430 1193 linguaque
444 1133 517 1193 pars
532 1131 660 1194 operum
675 1117 808 1176 mendax
822 1127 853 1176 et
867 1116 936 1177 ficta
951 1132 1101 1189 meorum,

304 1226 374 1284 Plus
386 1223 442 1285 sibi
463 1224 602 1302 permisit
616 1225 824 1303 compositore
838 1241 906 1287 suo.

262 1335 323 1393 Nec
337 1332 415 1393 liber
429 1332 575 1393 indicium
591 1343 637 1393 est
651 1331 755 1393 animi:
772 1334 826 1394 sed
841 1334 970 1394 honesta
984 1334 1125 1410 voluptas

306 1438 437 1500 Plurima
452 1439 622 1501 mulcendis
636 1438 762 1499 auribus
777 1449 847 1515 apta
862 1439 966 1500 refert.

265 1546 374 1607 llccius
389 1558 471 1608 esset
482 1557 581 1608 atrox:
599 1547 725 1608 conviva
739 1548 898 1609 Terentius
912 1559 1004 1609 esset:

306 1653 415 1714 Essent
427 1670 595 1732 pugnaces,
613 1652 665 1729 qui
679 1654 744 1715 iera
758 1654 839 1714 bella
851 1665 977 1716 canunt.

267 1763 402 1839 Denique
415 1764 574 1842 composui
589 1775 713 1825 teneros
728 1781 790 1824 non
806 1765 887 1826 solus
908 1781 1041 1827 amores:

314 1870 492 1947 Composito
507 1886 617 1949 poenas
631 1870 716 1931 solus
731 1887 851 1932 amores
863 1871 944 1933 dedi.

270 1976 347 2045 Quid
361 1976 419 2036 nisi
434 1995 503 2038 cum
519 1978 617 2038 multo
631 1978 780 2037 Venerem
795 1977 985 2038 confundere
997 1979 1068 2039 vino

303 2085 453 2162 Praecepit
473 2085 569 2162 Lyrici
584 2088 653 2146 Teia
668 2087 752 2145 Musa
768 2085 864 2146 sentst

266 2190 373 2251 Lesbia
388 2189 460 2265 quid
475 2189 580 2249 docuit
594 2191 729 2265 Sappho,
744 2189 802 2249 nisi
817 2206 919 2250 amare
932 2192 1064 2266 puellas?

308 2299 384 2357 'luta
400 2308 500 2357 tamen
516 2296 650 2374 Sappho,
669 2305 753 2356 tutus
767 2305 799 2356 et
812 2295 863 2356 ille
876 2296 942 2357 fuit.

268 2405 329 2467 Nec
345 2405 410 2478 tibi,
427 2403 573 2478 Battiade,
590 2402 706 2476 nocuit,
723 2405 807 2480 qtrod
822 2421 904 2483 saepe
918 2405 1031 2483 legenti

311 2512 439 2574 Delicias
455 2529 545 2573 versu
560 2511 659 2572 lassus
671 2528 705 2572 es
720 2510 785 2590 ipse
799 2522 877 2575 tuas.

270 2621 382 2682 Fabula
394 2619 523 2697 jucundi
538 2619 621 2681 nulla
635 2629 682 2680 est
696 2617 762 2679 sine
775 2635 881 2680 amore
893 2619 1060 2692 lienandri3

311 2729 348 2787 Et
363 2727 442 2787 solet
456 2725 505 2786 hic
519 2724 624 2802 pueris
638 2724 868 2802 virginibusque
881 2725 952 2804 legi.

266 2837 335 2897 llias
349 2835 416 2914 ipsa
431 2834 504 2911 quid
520 2843 577 2906 est,
594 2831 652 2893 nisi
668 2832 768 2910 turpis
783 2835 932 2908 adultera,
949 2837 987 2896 de
1001 2852 1062 2912 qua

307 2944 391 3002 lnter
405 2949 573 3001 amatorem
585 2955 691 3016 pugna
704 2938 865 3017 virumque
878 2940 949 3001 luit?

266 3050 343 3122 Quid
357 3049 444 3128 prius
459 3046 580 3109 estillic
596 3048 716 3109 [lamma
728 3047 921 3126 Chryseidos,
936 3058 990 3111 aut
1004 3066 1074 3126 quae

307 3156 425 3217 Fecerit
435 3156 531 3216 iratos
546 3155 750 3232 captapuella
765 3155 873 3216 duces?

267 3263 325 3323 dut
339 3260 412 3338 quid
426 3261 558 3338 Odyssea
572 3270 629 3333 est,
645 3259 703 3320 nisi
718 3257 854 3333 foemina,
870 3271 1001 3338 propter
1014 3277 1162 3335 amorem,

315 3370 391 3428 llum
405 3367 451 3426 vir
465 3367 562 3440 abest,
580 3365 684 3427 munis
695 3375 759 3427 -tme
774 3365 868 3443 petita
880 3365 999 3444 procis?

267 3475 338 3546 Quis
352 3475 410 3536 nisi
424 3473 588 3536 Maeonides
601 3475 751 3534 Venerem
760 3473 953 3551 Martemque
965 3472 1077 3554 ligatos

310 3581 419 3662 Narrat
432 3579 463 3640 in
474 3581 628 3642 obscoeno
638 3594 777 3658 corpora
790 3595 903 3657 prensa
918 3580 1003 3640 torol

273 3685 359 3746 Unde
374 3684 431 3746 nisi
444 3685 557 3750 indicio
571 3684 674 3767 magni
688 3684 839 3747 sciremus
853 3682 986 3757 Homeri,
