2932 5002
516 405 637 465 -91..

58 536 119 598 Nec
134 533 260 611 quaesita
274 543 375 594 tumen
390 531 489 610 spatio
504 533 651 610 patientia
666 534 760 611 longo
776 544 834 607 est,

100 644 245 719 Mensque
259 642 328 701 mali
343 657 469 701 sensum
492 651 600 702 nostra
617 641 754 702 recentis
769 643 870 703 habet.

58 752 180 814 Scilicet
193 763 224 813 et
237 763 355 813 veteres
369 750 489 828 lugiunt
498 751 573 828 juga
587 767 681 811 curva
692 751 828 827 juvenci,

100 860 138 920 llt
152 857 284 919 domitus
298 858 394 918 fraeno
410 873 494 934 saepe
507 867 659 934 repugnat
673 873 783 934 equus.

59 967 188 1030 Tristior
201 977 248 1028 est
262 966 351 1027 etiam
366 983 503 1044 praesens
517 983 655 1027 aerumna
670 965 790 1044 priore:

103 1075 140 1136 Ut
154 1073 192 1135 sit
205 1073 286 1134 enim
298 1073 355 1134 sibi
369 1090 436 1151 par,
452 1072 558 1145 crevit,
574 1083 606 1133 et
619 1083 709 1133 aneta
720 1089 808 1134 mora
825 1083 883 1134 est.

59 1183 121 1242 Neo
137 1191 200 1242 tam
212 1190 285 1240 nota
300 1179 385 1251 mihi,
401 1195 493 1256 quam
507 1175 679 1258 sunt,{mala
695 1187 803 1239 nostra
820 1179 957 1239 tnenmt:

103 1295 162 1355 Sed
176 1292 272 1371 magis
283 1294 360 1365 haec,
377 1309 439 1369 quo
452 1302 524 1354 snm
537 1291 740 1370 oougnltiora‚
758 1304 899 1371 gravant.

61 1402 114 1461 Est
127 1415 250 1477 quoque
264 1416 327 1459 uon
340 1397 497 1459 minimum
515 1397 595 1458 vires
607 1397 728 1459 adferre
742 1410 896 1471 recentes,

102 1508 162 1568 Nec
176 1516 459 1584 praeconsumptum
473 1504 623 1584 temporis
634 1523 704 1567 esse
714 1505 813 1568 malis.

60 1612 181 1674 Fortior
194 1612 225 1672 in
239 1613 318 1673 fulva
332 1629 431 1673 novus
445 1623 493 1672 est
506 1613 640 1672 luctator
654 1630 760 1686 arena,

103 1719 197 1790 Quam
211 1718 259 1779 cni
275 1728 346 1779 suut
360 1719 446 1779 tarda
459 1717 585 1779 brachia
600 1718 680 1778 fessa
696 1734 795 1779 mora.

61 1830 183 1906 Integer
196 1838 243 1888 est
256 1826 364 1887 melior
378 1825 481 1888 nitidis
495 1826 647 1904 gladiator
660 1825 692 1885 in
707 1828 813 1899 armis,

103 1936 197 2007 Quam
211 1935 261 1996 eui
275 1936 335 1996 tela
349 1951 406 1995 sno
421 1933 570 2012 sanguine
585 1933 680 1995 tincta
696 1935 822 1996 rubent.

61 2044 132 2103 Fert
144 2042 223 2104 bene
236 2040 411 2119 praecipites
424 2038 509 2101 naris
528 2040 621 2100 modo
635 2039 717 2101 lanta
731 2043 900 2119 procellas:

104 2148 274 2219 Quamlibet
289 2146 401 2225 exiguo
415 2145 544 2207 soluitur
557 2145 657 2208 imbre
670 2158 771 2209 tetus.

64 2254 124 2314 Nos
138 2271 271 2334 quoque,
287 2269 357 2330 quae
371 2251 508 2325 ierimus,
524 2252 650 2314 tulimus
664 2253 831 2332 patientius
846 2265 930 2323 ante,

106 2360 142 2421 Et
156 2360 235 2419 mala
248 2368 321 2419 sunt
333 2359 428 2434 longo
446 2358 648 2434 multiplicata
666 2359 727 2417 die.

65 2465 196 2538 Credite,
213 2463 334 2536 deficio,
350 2472 521 2538 nostroque
534 2478 552 2523 a
567 2479 701 2540 corpore
716 2473 866 2540 quantum

107 2576 261 2653 Auguror,
277 2574 426 2635 accedent
444 2583 584 2651 tempora
598 2590 691 2651 parva
707 2574 806 2636 malis:

63 2683 141 2745 Nam
156 2699 256 2758 neque
270 2691 342 2742 sunt
356 2679 448 2755 vires,
464 2696 565 2758 neque
579 2681 632 2758 qni
647 2683 735 2743 color
746 2693 818 2746 ante
832 2685 964 2759 solebam

105 2789 163 2851 Vix
177 2790 276 2851 habeo
290 2799 414 2852 tenuem
429 2806 499 2867 quae
513 2798 597 2869 tegat
611 2807 683 2852 ossa
698 2801 812 2855 cutem.

66 2898 201 2975 Corpore
216 2897 270 2958 sed
281 2913 368 2957 mens
383 2908 430 2959 est
444 2913 529 2976 aegro
543 2897 640 2976 magis
653 2913 749 2977 aegra,
767 2900 900 2978 malique

111 3005 145 3062 ln
160 3003 387 3084 circumspectu
401 3015 462 3066 stat
475 3005 542 3066 sine
555 3005 616 3066 fine
631 3005 689 3067 sui.

66 3109 155 3171 Urbis
169 3110 257 3171 abest
269 3110 373 3184 fatiem
389 3113 513 3184 absunt,
529 3129 596 3172 mea
611 3126 697 3186 eura,
718 3114 853 3176 sodales:

108 3217 155 3288 Et,
172 3233 232 3293 qua
247 3218 330 3277 nulla
344 3216 417 3277 mihi
431 3216 543 3289 carior,
560 3234 641 3278 uxor
653 3218 754 3278 abest.

63 3324 179 3401 Vulgus
196 3326 283 3385 adest
295 3323 481 3400 Scythicum,
497 3325 703 3400 braccataque
717 3326 808 3386 turba
822 3327 976 3389 Getarum:

111 3428 160 3489 Sin
174 3430 263 3500 male,
281 3444 350 3505 qttae
364 3427 465 3500 rideo,
482 3445 544 3488 non
564 3428 729 3506 uideoque,
747 3443 873 3494 nocent.

64 3547 134 3608 Una
149 3553 251 3605 tamen
266 3560 338 3621 spes
353 3553 410 3616 est,
428 3561 499 3620 quae
514 3561 563 3604 me
577 3545 700 3605 soletur
715 3545 746 3605 in
759 3544 835 3619 istis3

111 3650 182 3711 llaeo
198 3650 264 3710 lore
279 3659 378 3711 morte
393 3665 459 3710 mea
478 3667 540 3711 nou
557 3650 701 3712 diuturna
718 3652 806 3714 mala.
