2932 5002
720 393 840 452 ...84-

270 511 404 576 i'ultibus
420 515 470 575 iiia
486 516 556 589 tuis,
574 526 719 594 tanquam
732 521 905 596 praesentis,
923 523 1065 598 inhaerct,

307 622 409 696 Teque
420 633 539 682 remota
553 625 676 700 procul,
696 623 828 686 simodo
844 627 927 700 vivit,
944 642 1037 690 amnt.

265 727 380 803 Ecquid
394 738 428 787 nt
440 727 577 789 incubuit
588 730 674 804 justo
690 747 777 790 meus
792 748 875 809 aegra
890 734 1002 807 dolori,

305 832 393 892 Lenis
406 834 444 892 ab
458 833 614 894 admonito
629 845 755 911 pectore
769 853 896 897 somnus
911 838 989 899 abit?

263 938 347 1000 Tunc
361 942 495 1002 subeunt
507 958 602 1014 cnrae,
619 943 691 1002 dum
707 955 737 1003 te
753 945 913 1022 lectusque
927 949 1082 1025 locusque

303 1048 420 1126 Tangit,
437 1059 468 1109 et
482 1049 606 1109 oblitam
619 1067 682 1109 nou
693 1051 764 1112 sinit
779 1069 848 1113 csse
868 1055 942 1115 mei?

262 1152 298 1212 Et
311 1152 436 1212 veniunt
451 1164 557 1239 aestns,
576 1166 606 1216 et
621 1173 684 1216 nox
698 1156 846 1218 immensa
861 1159 996 1221 ridetur?

304 1262 454 1338 Fessaque
464 1263 571 1338 jactati
584 1264 723 1340 corporis
735 1281 805 1324 ossa
821 1267 942 1327 dolent?

263 1367 327 1426 Non
343 1367 482 1444 equidem
497 1368 615 1439 dubito,
633 1369 706 1444 qnin
721 1371 787 1429 hauc
802 1382 833 1431 et
848 1385 959 1434 caetera
974 1376 1057 1447 fiant,

301 1476 417 1550 Datque
434 1486 504 1535 tuus
520 1475 595 1536 casti
609 1475 695 1554 signa
711 1478 827 1538 doloris
841 1496 939 1542 amor:

260 1581 320 1642 Nec
335 1582 472 1642 cruciere
486 1582 597 1656 minus,
614 1600 705 1660 quam
720 1602 790 1644 cum
805 1588 947 1648 Thebana
962 1602 1124 1652 cruentum

303 1691 433 1750 Hectora
447 1691 621 1752 Thessalico
636 1693 710 1754 vidit
724 1695 763 1755 ab
777 1709 834 1754 axc
849 1696 926 1772 rapi.

202 1874 209 1885 ,
260 1807 336 1878 Quid
352 1819 453 1868 tamen
470 1807 536 1886 ipse
550 1825 659 1886 precer
674 1789 792 1870 dubito:
809 1827 866 1870 uec
882 1810 985 1871 dicere
999 1829 1126 1889 possum

298 1913 458 1974 Adiectum
473 1931 564 1990 quern
579 1926 610 1975 te
623 1915 734 1975 mentis
748 1917 862 1976 habere
877 1915 977 1977 velim.

260 2018 365 2079 Tristis
378 2020 425 2078 cs?
438 2019 591 2098 indignor,
608 2023 691 2097 qnod
705 2021 762 2081 sim
774 2021 829 2082 tibi
843 2039 935 2083 cansa
950 2023 1076 2084 doloris:

301 2125 367 2183 Non
381 2125 429 2183 es‘?
442 2135 476 2184 ut
490 2125 602 2185 amisso
617 2126 750 2204 conjuge
765 2126 856 2204 digna
870 2128 964 2188 iores.

260 2230 304 2289 Tu
318 2245 391 2288 vero
405 2239 456 2288 tua
473 2230 582 2289 damna
596 2229 678 2300 dole,
694 2231 851 2291 mitissima
866 2234 992 2309 conjux,

301 2336 432 2412 Tempus
447 2344 478 2394 et
490 2351 508 2394 a
521 2332 634 2394 uostris
648 2333 735 2411 exige
750 2335 837 2396 triste
851 2337 949 2398 malis:

260 2442 371 2518 Tleque
385 2457 471 2501 meos
483 2456 584 2500 casus:
600 2450 647 2500 est
662 2441 801 2516 quaedam
817 2441 890 2502 ssere
904 2445 1058 2522 voluptas:

299 2549 445 2626 Expletur
458 2546 599 2625 lacrymis
613 2546 809 2625 egeriturque
825 2550 926 2611 dolor.

258 2655 356 2733 Atque
366 2654 482 2714 utinam
495 2654 628 2731 lugenda
641 2652 696 2714 tibi
710 2670 772 2714 nou
786 2655 858 2727 vita,
874 2659 929 2718 sed
943 2671 1028 2719 esset

299 2765 381 2824 Mors
391 2780 468 2834 mea3
484 2772 584 2822 morte
597 2763 680 2821 tores
695 2763 759 2821 sola
774 2764 880 2824 relicta
894 2767 975 2826 mea!

239 2933 242 2940 ,
256 2872 385 2950 Spiritus
397 2871 446 2930 hic
459 2887 516 2948 per
530 2881 561 2930 te
574 2869 688 2947 patrias
703 2869 816 2932 exisset
831 2872 861 2931 iu
876 2890 979 2935 auras:

295 2979 484 3058 Sparsissent
495 2981 637 3056 lacrymae
651 2990 777 3057 pectora
789 2991 896 3041 nostra
911 2982 982 3059 piae:

254 3089 465 3166 Supremoque
478 3085 527 3146 dio
540 3096 648 3146 notum
665 3087 834 3163 spectantia
849 3088 963 3148 coelnm

295 3192 454 3255 Texissent
468 3191 552 3270 digiti
567 3191 681 3252 lumina
693 3203 799 3253 nostra
814 3194 871 3254 tui!

254 3305 290 3365 Et
304 3300 379 3361 cinis
392 3299 424 3359 in
438 3299 555 3360 tumulo
569 3299 687 3376 positus
698 3299 846 3375 jacuisset
860 3300 951 3373 avito,

293 3412 445 3485 Tactaqne
456 3407 594 3468 nascenti
608 3424 722 3484 corpus
737 3408 865 3468 haberet
880 3409 1003 3470 humus!

252 3523 386 3599 Denique
399 3530 440 3592 ct,
456 3530 490 3580 ut
503 3518 574 3591 vixi,
591 3518 657 3580 siue
671 3518 797 3579 crimine
815 3530 955 3582 mortuus
970 3524 1084 3583 essem!

293 3630 378 3690 Nunc
392 3643 459 3688 mea
473 3627 624 3706 supplicio
638 3626 699 3688 vita
714 3629 858 3704 pudenda
872 3645 931 3689 suo
946 3640 1004 3689 est.

253 3738 300 3798 Me
319 3735 475 3809 miserum,
489 3734 515 3798 si
528 3745 573 3810 tu,
589 3753 684 3814 quum
698 3735 809 3798 diceris
823 3737 938 3799 exsrrlis
953 3755 1046 3812 uxor,
