2932 5002
522 397 603 456 -85
613 429 646 438 -

99 528 216 592 Avertis
231 530 343 600 vultus,
361 538 392 590 et
407 528 489 590 subit
504 547 559 590 ora
578 530 689 590 rubor!

56 638 105 697 lle
120 637 277 709 miserum,
296 635 322 695 si
336 647 428 714 tuape
443 646 535 713 putas
550 636 622 696 mihi
638 647 734 714 nupta
750 638 858 699 videri!

100 728 148 807 ilie
168 745 324 818 miserum,
341 745 367 806 si
381 746 486 822 tejam
499 748 596 824 pudet
611 763 681 808 esse
699 749 811 808 meam!

57 855 193 930 Tempus
208 852 260 912 ubi
277 861 323 912 est
340 851 425 923 illud,
444 869 505 928 quo
521 869 570 912 me
584 853 702 928 jactare
718 855 842 914 solebas

102 963 248 1039 conjuge,
268 978 325 1021 nec
339 977 451 1020 nomen
466 959 658 1021 dissimulare
679 960 749 1020 viri?

60 1070 194 1145 Tempus
208 1066 260 1127 ubi
274 1076 331 1140 est,
347 1083 409 1143 quo
424 1076 465 1139 te,
483 1065 540 1125 nisi
553 1065 580 1126 si
599 1065 679 1143 sugis
696 1066 747 1126 illa
762 1068 890 1140 referre,

105 1176 142 1235 Et
154 1173 214 1235 dici
230 1173 363 1246 memini,
379 1172 458 1248 juvit
481 1183 511 1233 et
527 1188 595 1232 esse
610 1173 724 1232 meam?

60 1280 161 1357 thue
174 1281 282 1358 probae
292 1279 419 1359 dignum
435 1289 493 1351 est,
510 1278 593 1339 omni
610 1278 664 1340 tibi
681 1280 753 1340 dote
770 1281 946 1357 placebam:

107 1385 246 1449 Addebat
260 1387 338 1448 reris
356 1387 450 1448 multa
465 1386 593 1447 laventis
607 1403 708 1448 amor.

64 1495 125 1555 Nec
140 1509 230 1570 quem
245 1493 420 1571 praeferres,
436 1492 477 1557 ita
491 1509 541 1554 res
556 1492 610 1554 tibi
626 1509 735 1571 magna
753 1494 888 1566 videbar,

107 1601 239 1672 Quemve
255 1610 342 1659 tuum
359 1599 465 1660 malles
480 1615 560 1672 esse,
574 1599 621 1658 vir
635 1599 713 1660 alter
732 1611 810 1661 erat.

67 1711 153 1771 Nunc
168 1727 302 1787 quoque,
318 1726 357 1770 ne
371 1710 484 1786 pudeat
498 1709 581 1786 quod
598 1708 640 1769 sis
655 1709 727 1769 mihi
746 1721 852 1788 nupta:
870 1722 1006 1787 tuusque

111 1817 176 1876 Non
191 1816 280 1876 dolor
297 1815 367 1874 hinc
380 1815 482 1888 debet,
500 1816 591 1875 debet
608 1816 716 1876 abesse
730 1817 842 1894 pudor.

64 1923 165 1994 Quum
181 1921 290 1983 cecidit
303 1922 462 1999 Capaneus
475 1920 577 1981 subito
592 1921 774 1981 temerarius
789 1921 869 1994 ictu,

111 2030 188 2090 Num
202 2028 279 2106 legis
295 2029 439 2090 Evadnen
454 2025 617 2089 erubuisse
632 2026 714 2088 viro?

71 2137 144 2209 Nec,
164 2135 234 2213 quia
251 2152 306 2196 rex
323 2134 429 2196 mundi
446 2133 638 2211 compescuit
651 2133 771 2212 ignibus
787 2135 885 2214 ignes,

113 2243 181 2320 lpse
193 2241 265 2314 tuis,
284 2241 431 2315 Phaeton,
445 2239 628 2301 inficiandus
648 2256 728 2302 eras.

68 2349 129 2409 Nec
153 2349 273 2409 Semele
288 2348 401 2410 Cadmo
417 2348 496 2410 facta
517 2357 564 2407 est
578 2346 676 2406 aliena
692 2348 824 2424 parenti,

112 2459 199 2530 Quod
213 2457 358 2536 precibus
372 2454 463 2532 periit
477 2452 637 2513 ambitiosa
649 2454 724 2513 suis.

72 2564 135 2625 Nec
150 2563 215 2634 tibi,
234 2561 319 2638 quod
331 2559 420 2620 saevis
438 2575 497 2635 ego
513 2573 581 2617 sum
599 2557 682 2618 lovis
700 2559 821 2636 ignibus
834 2561 924 2632 ictus,

114 2671 290 2746 Purpureus
306 2667 390 2727 molli
402 2668 455 2728 fiat
465 2667 496 2726 in
512 2671 566 2723 ore
581 2666 685 2727 rubor:

72 2777 136 2837 Sed
151 2774 254 2853 magis.
261 2774 292 2834 in
312 2775 409 2835 nostri
424 2792 532 2836 curam
546 2791 702 2853 consurge
722 2776 839 2849 tuendi,

116 2883 359 2961 Exemplumque
374 2883 447 2943 mihi
464 2883 603 2962 conjugis
618 2894 685 2945 esto
700 2884 802 2944 bonae:

76 2989 293 3066 Materiemque
311 2988 369 3050 iuis
383 2989 503 3050 tristem
521 2989 683 3050 virtutibus
701 2989 804 3067 imple:

118 3098 219 3158 Ardua
234 3114 290 3175 per
304 3113 444 3175 praeceps
458 3096 557 3176 gloria
573 3098 662 3158 vadat
676 3096 745 3158 iter.

75 3205 204 3266 Hectora
222 3205 291 3282 quis
305 3217 422 3280 nosset,
440 3206 466 3266 si
484 3205 557 3266 felix
574 3206 665 3281 TroJa
677 3204 799 3266 fnisset?

119 3315 243 3376 Publica
259 3314 362 3377 virtuti
378 3332 434 3392 per
457 3316 536 3375 mala
554 3314 634 3374 lacta
654 3313 701 3373 ria
716 3325 773 3374 est.

75 3423 132 3485 Ars
148 3434 210 3495 tua,
226 3422 333 3500 Tiphy,
349 3423 444 3498 jacet,
461 3422 564 3482 sinon
579 3421 662 3482 sitin
677 3439 803 3500 aequore
819 3427 945 3486 linctus:

124 3528 154 3588 Si
174 3528 298 3587 valeant
313 3526 465 3599 homines,
481 3538 607 3598 amma,
628 3528 745 3589 Phoebe
756 3529 851 3604 jacet.

78 3638 153 3708 Quae
175 3635 261 3707 latet,
280 3633 373 3711 inque
389 3633 480 3694 bonis
495 3645 595 3694 cessat
610 3652 673 3693 non
688 3635 810 3713 cognita
824 3638 930 3710 rebus,

121 3742 255 3821 Adparet
273 3741 381 3816 virtus;
400 3739 600 3820 arguiturque
615 3739 712 3803 malis.

912 3827 952 3899 11
