2932 5002
694 358 836 420 —toa-

251 489 337 559 Quod
351 503 462 566 querar
476 486 528 548 illa
541 486 614 548 mihi
628 487 722 565 pleno
737 488 776 548 de
789 487 874 548 lonte
889 485 1061 551 ministrate

292 595 352 655 Neo
367 610 435 656 mea
449 605 531 668 sunt,
547 593 599 654 sati
616 594 709 655 verba
727 594 782 657 sed
796 592 854 655 ista
876 592 947 655 mei.

252 703 290 765 nt
303 703 375 764 mihi
390 703 415 765 si
430 720 501 765 cara
514 703 643 782 patriam
658 720 729 765 oum
744 704 879 781 conjuge
894 703 1019 777 reddas,

295 809 361 872 Sint
374 811 475 871 vultus
489 809 612 883 hilares,
628 809 747 887 simque
761 811 846 887 quod
867 819 939 871 ante
955 809 1009 871 lui.

253 918 363 980 Lenior
376 918 478 980 invicti
493 919 517 980 si
533 918 571 980 sit
586 919 659 979 mihi
673 919 802 981 Caesaris
817 919 876 995 ira,

295 1027 434 1088 Carmina
442 1027 556 1088 laetitiae
565 1028 629 1104 iam
644 1028 699 1089 tibi
715 1029 806 1107 plena
823 1028 921 1090 dabo.

254 1133 315 1194 Neo
329 1144 430 1194 tamen
444 1145 478 1195 ut
491 1133 574 1207 lusit,
590 1152 699 1196 rursus
714 1151 782 1196 mea
797 1135 885 1196 litera
899 1136 998 1197 ludet:

296 1240 340 1302 sit
353 1242 448 1302 semel
461 1241 512 1302 illa
526 1258 595 1302 meo
610 1241 762 1304 luxuriata
777 1243 872 1305 malo.

255 1348 342 1420 Quod
354 1349 465 1425 probet
479 1348 544 1426 ipse
565 1364 683 1410 canam:
699 1365 802 1425 poenae
816 1349 909 1411 modo
919 1358 1007 1426 parte
1023 1349 1137 1423 lerata,

293 1456 479 1529 Barbariem,
494 1455 611 1534 rigidos
625 1455 828 1534 effugiamque
844 1457 952 1518 Getas.

255 1563 372 1625 Interea
386 1562 484 1623 nostri
498 1562 571 1640 quid
585 1573 677 1640 agant
687 1561 744 1623 nisi
758 1562 846 1624 triste
860 1561 972 1626 libelli?

296 1669 379 1732 Tibia
389 1669 546 1731 funeribus
561 1669 704 1732 convenit
718 1669 775 1732 ista
789 1669 880 1732 meis.

257 1777 294 1840 m
306 1787 442 1856 poteras,
456 1776 568 1854 inquis
583 1777 691 1838 melius
706 1779 784 1838 mala
794 1777 877 1838 ierne
891 1777 1026 1850 silendo,

299 1886 336 1945 Et
346 1883 455 1945 tacitus
465 1900 554 1946 casus
569 1883 760 1946 dissimulare
775 1894 862 1947 tuos.

257 1991 359 2071 Exigis
373 2003 407 2053 ut
420 1992 495 2052 nulli
509 1993 641 2071 gemitus
655 2002 808 2054 tormenta
824 2001 1009 2068 sequantur,

300 2101 496 2177 nccepmque
509 2100 593 2179 gravi
614 2101 741 2161 vulnere
756 2101 832 2161 llere
847 2110 944 2161 votas.

260 2210 328 2287 lpse
346 2209 474 2270 Perilleo
488 2209 622 2269 Phalaris
637 2209 796 2287 permissit
810 2209 841 2269 in
856 2226 919 2270 aare

299 2317 396 2377 Edere
410 2314 556 2393 mugitus,
573 2325 604 2375 et
617 2315 703 2376 bovis
718 2331 773 2374 ore
787 2314 886 2392 queri.

262 2425 362 2497 Quum
374 2421 483 2483 Priami
501 2420 641 2500 laerymis
661 2421 798 2482 oliensus
814 2438 877 2482 non
892 2420 930 2482 sit
941 2420 1092 2495 normes,

306 2532 350 2591 'lu
360 2531 449 2591 fletus
464 2529 582 2590 inhibes
597 2527 704 2590 durior
720 2529 809 2588 hoste
824 2544 924 2589 meos.

261 2638 359 2710 Quum
371 2638 485 2698 laceret
499 2637 613 2697 Nioben
630 2636 738 2696 orbam
755 2633 879 2696 Latonia
894 2636 1012 2712 proles,

300 2747 365 2807 Non
380 2756 482 2806 tannen
508 2756 539 2805 et
549 2743 765 2820 siccamjmsit
779 2744 892 2804 babere
903 2761 1012 2822 genas.

261 2853 313 2914 Est
327 2850 440 2928 aliquid
455 2851 543 2911 fatale
558 2851 671 2911 malum
686 2867 742 2928 per
756 2850 848 2910 verba
859 2849 977 2912 levari:

301 2959 364 3019 lloc
379 2958 538 3033 querulam
553 2959 692 3019 Procnen
706 2958 944 3035 Halcyonenque
958 2958 1044 3021 lacit.

263 3064 326 3125 lloc
337 3075 413 3137 erat,
429 3064 460 3124 in
476 3065 577 3143 gelido
591 3082 685 3142 quare
700 3064 853 3126 Paeantius
869 3075 973 3138 antro,

304 3173 386 3234 llooe
399 3173 539 3251 fatigaret
553 3172 676 3233 Lemnia
695 3189 770 3234 saxa
788 3190 856 3234 sna.

266 3283 442 3360 strangulat
455 3281 593 3343 inclusus
609 3283 709 3357 dolor,
726 3292 819 3360 atque
833 3292 984 3345 exaestuat
998 3280 1096 3344 intus:

306 3387 432 3467 Cogitur
445 3397 476 3449 et
490 3386 571 3449 vires
585 3388 790 3466 multiplicare
806 3405 888 3450 suas.
998 3425 999 3428 =

264 3497 307 3556 Da
320 3495 439 3557 veniam
449 3496 564 3576 potius:
580 3498 628 3558 vel
644 3506 726 3559 totos
740 3497 813 3559 tolle
828 3497 960 3570 libellos,

307 3602 370 3663 lloc
384 3603 457 3664 mihi
472 3605 555 3682 quod
570 3605 708 3682 prodest,
726 3603 751 3665 si
767 3603 832 3677 tibi,
850 3604 959 3676 lector,
976 3605 1077 3665 obest.

267 3709 326 3770 Sed
341 3725 398 3770 noo
413 3710 522 3772 obesse
537 3722 640 3789 potest
653 3710 720 3772 ulli:
736 3729 794 3773 noo
813 3711 930 3791 scripta
945 3711 1070 3772 suerunt
