2932 5002
709 355 830 413 -48-

256 488 315 546 Nec
329 486 442 563 iegitur
456 501 528 562 pars
543 485 606 543 nlla
620 484 717 560 magis
732 485 770 544 de
785 500 918 560 corpore
931 493 1009 556 toto,

298 597 392 666 Quam
406 613 469 655 non
483 595 619 672 legitimo
634 596 751 655 ioedere
763 596 891 670 junctus
906 610 1003 654 amor.

255 701 398 778 Phyllidis
413 701 461 760 hic
476 701 557 760 idem
572 711 748 776 teneraeque
761 699 953 775 Amaryllidis
967 699 1055 775 ignes

297 811 448 871 Bucolicis
459 810 581 886 juvenis
595 812 711 869 luserat
726 821 797 870 ante
811 808 921 870 modis.

254 917 314 976 Nos
329 932 452 992 quoque
462 917 525 992 jam
541 915 660 992 pridem
675 915 790 992 scripto
805 914 999 992 peccavimus
1013 931 1088 984 uno,

296 1024 485 1102 Supplicium
499 1024 614 1101 patitur
628 1041 691 1083 non
706 1041 784 1083 nova
800 1024 891 1100 culpa
907 1038 1031 1082 novum.

255 1130 456 1206 Carminaque
471 1129 637 1200 edideram,
654 1146 724 1189 cum
740 1139 770 1189 te
785 1128 894 1202 delicta
911 1138 1071 1188 notantem

295 1235 430 1295 Praeterii
445 1235 536 1295 toties
546 1235 617 1310 jure
632 1234 755 1310 quietus
771 1251 884 1310 eques.

259 1341 351 1418 Ergo,
369 1357 438 1416 quae
448 1341 554 1415 juveni
569 1339 642 1398 mihi
656 1357 718 1397 non
734 1340 874 1399 nocitura
889 1339 991 1416 putavi

301 1447 420 1523 Scripta
434 1463 542 1523 parum
556 1448 705 1523 prudens,
722 1463 803 1505 nunc
819 1462 954 1505 nocuere
969 1446 1048 1504 seni?

263 1554 336 1612 Sera
350 1551 531 1610 redundavit
543 1551 654 1610 veteris
668 1550 800 1611 vindicta
814 1550 918 1622 libelii,

301 1658 396 1717 distat
410 1666 440 1715 et
455 1673 472 1715 a
486 1655 585 1715 meriti
600 1668 739 1732 tempore
754 1674 846 1734 poena
860 1656 917 1717 sui.

264 1768 306 1826 Ne
321 1777 421 1826 tamen
437 1782 527 1824 omne
542 1782 643 1824 meum
659 1768 767 1825 credas
782 1783 860 1843 opus
874 1782 943 1826 esse
957 1765 1131 1836 remissum;

307 1873 394 1948 Saepe
409 1870 479 1931 dedi
492 1881 608 1931 nostrae
621 1872 748 1948 grandia
762 1872 828 1931 reia
843 1871 911 1932 rati.

266 1979 325 2037 Sex
339 1994 397 2054 ego
412 1977 570 2036 Fastorum
586 1976 694 2054 scripsi
709 1977 897 2052 totidemque
911 1976 1043 2047 libellos,

313 2081 448 2156 Cumque
463 2096 520 2141 suo
535 2081 625 2140 finem
639 2097 745 2140 meuse
760 2082 905 2140 volumen
919 2081 1022 2140 habet.

263 2190 356 2264 ldque
371 2199 425 2249 tuo
440 2205 538 2265 nuper
552 2189 700 2264 scriptum
715 2189 772 2247 sub
787 2188 920 2258 nomine,
938 2188 1049 2258 Gaesar,

305 2296 342 2354 Et
357 2294 410 2355 tibi
425 2302 579 2353 sacratum
595 2309 664 2352 sors
679 2308 745 2352 mea
761 2292 844 2369 rupit
859 2308 953 2368 opus.

266 2403 303 2461 Et
317 2401 457 2461 dedimus
472 2400 595 2478 tragicis
610 2400 758 2478 scriptum
773 2401 876 2478 regale
889 2401 1059 2461 cothurnis:

306 2510 439 2585 Quaeque
454 2507 553 2585 gravis
569 2508 660 2568 debet
674 2510 766 2569 verba
782 2511 951 2569 cothurnus
965 2509 1067 2568 habet.

266 2615 411 2690 Dictaque
426 2625 497 2675 sunt
512 2614 612 2686 nobiS,
629 2615 766 2690 quamvis
780 2630 888 2675 manus
902 2615 1008 2675 ultima
1023 2627 1127 2692 coepto

314 2721 424 2792 Defuit,
440 2720 472 2778 in
487 2720 579 2780 iacies
595 2736 726 2795 corpora
740 2737 827 2780 versa
841 2738 946 2781 novas.

275 2825 373 2899 Atque
387 2823 504 2883 utinam
519 2839 645 2882 revoces
659 2823 792 2883 animum
805 2825 960 2903 paulisper
974 2828 1012 2887 ab
1027 2827 1083 2899 ira,

309 2934 345 2991 Et
360 2947 457 2991 vacuo
468 2933 579 3007 jubeas
593 2931 664 2990 hine
679 2931 732 2991 tibi
748 2950 847 3010 pauca
861 2935 933 3013 legi!

269 3037 377 3107 Pauca,
394 3036 504 3111 quibus
518 3035 615 3113 prima
631 3053 761 3113 surgens
776 3039 814 3099 ab
829 3039 946 3115 origine
961 3040 1078 3112 mundi,

311 3142 342 3201 ln
358 3152 409 3202 tua
425 3142 537 3203 deduxi
552 3154 702 3221 tempora,
719 3145 830 3217 Caesar,
847 3162 940 3221 opus.

270 3247 427 3324 Adspicias
442 3257 588 3324 quantum
604 3249 724 3309 dederis
739 3249 811 3308 mihi
824 3249 959 3325 pectoris
974 3250 1050 3328 ipse,

310 3353 436 3428 Quoque
450 3353 554 3412 farore
568 3353 659 3412 animi
675 3365 766 3429 teque
781 3364 912 3431 tuosque
928 3371 1048 3415 canam.

270 3460 335 3517 Non
351 3477 408 3537 ego
423 3460 559 3519 mordaci
575 3460 723 3520 destrinxi
738 3461 872 3520 carmine
887 3480 1082 3540 quemquam„

313 3565 373 3622 Nec
389 3580 475 3623 meus
491 3564 583 3624 uilius
599 3565 726 3625 crimina
742 3583 847 3626 versus
862 3567 964 3628 habet.

271 3671 421 3730 Candidus
436 3688 451 3729 a
468 3673 581 3736 salibus
596 3674 717 3733 suiinsis
733 3673 802 3733 selle
818 3675 928 3750 refugi:
