2932 5002
829 416 949 476 ..44-

375 547 436 609 Nec
450 558 542 609 nocet
555 548 686 619 auctori,
703 548 826 607 mollem
841 547 893 623 qui
908 546 979 607 lecit
995 547 1154 618 Achillem,

416 653 579 732 lnlregisse
594 653 659 715 suis
672 653 763 713 fortia
775 653 855 714 lacta
870 653 981 714 modis.

374 760 478 819 lunxit
491 758 638 820 Aristides
652 757 908 819 Milesia-crimina
922 776 1041 820 secum:

415 867 524 926 Pulsus
538 865 685 926 Aristides
699 882 757 926 nec
771 875 873 927 tamen
888 868 965 927 urbe
980 884 1047 927 sua.

375 971 447 1044 Nec,
464 971 515 1048 qui
530 971 693 1049 descripsit
707 972 864 1049 corrumpi
879 972 994 1033 semina
1009 983 1153 1044 matrum,

418 1080 543 1153 Eubius,
559 1080 688 1158 impurae
716 1079 861 1141 conditor
874 1080 1021 1153 historiae3

375 1189 447 1261 Nec,
465 1189 516 1266 qui
531 1185 704 1266 composuit
719 1204 818 1265 nuper
832 1187 1013 1266 Sybaritida,
1031 1189 1122 1266 sugit:

417 1297 477 1358 Nec
492 1296 545 1373 qni
559 1295 742 1357 concubitus
755 1313 819 1356 non
833 1306 960 1357 tacuere
975 1315 1059 1357 suos.

375 1404 512 1479 Suntque
528 1418 563 1461 ca
577 1402 740 1462 doctorum
755 1402 961 1463 monumentis
976 1401 1065 1462 mista
1079 1403 1230 1474 virorum,

418 1509 656 1585 Muneribusque
670 1509 783 1569 ducum
798 1509 921 1585 publica
936 1511 1015 1569 lacta
1030 1519 1147 1587 patent.

377 1616 456 1676 Neve
471 1615 640 1693 peregrinis
654 1625 771 1676 tantum
786 1615 933 1677 deiendar
946 1617 986 1675 ab
1000 1615 1104 1686 armis3

419 1723 457 1783 Et
470 1723 624 1781 llomanus
638 1722 731 1781 babet
744 1722 839 1783 multa
850 1722 959 1798 iocosa
974 1721 1064 1782 liber.

381 1825 480 1904 thue
496 1844 552 1887 suo
566 1828 692 1888 Martem
707 1826 818 1888 cecinit
831 1826 931 1905 gravis
946 1826 1061 1888 Ennius
1076 1845 1144 1900 ore,

420 1933 534 1995 Ennius
548 1933 672 2012 ingenio
686 1935 849 2007 maximus,
866 1945 932 1996 arte
946 1935 1045 2008 rudis3

379 2039 517 2117 Explicat
532 2051 565 2101 ut
579 2057 687 2101 causas
702 2040 799 2118 rapidi
814 2041 973 2102 Lucretius
986 2040 1078 2118 iguis,

422 2147 648 2224 causarumque
664 2147 775 2224 triplex
787 2146 971 2207 vaticinatur
985 2165 1075 2224 opus3

380 2252 428 2313 Sic
443 2269 498 2313 sua
511 2252 626 2313 lascivo
641 2261 762 2313 cantata
777 2261 824 2311 est
839 2268 922 2329 saepe
936 2252 1055 2312 Catullo

422 2361 568 2434 Foemina,
585 2359 634 2421 cui
649 2360 759 2420 falsum
774 2359 880 2420 Lesbia
895 2376 1008 2421 nomen
1023 2373 1101 2422 erat.

381 2468 441 2529 Nec
456 2477 619 2528 contentus
633 2483 679 2540 ea,
696 2467 809 2527 multos
823 2465 955 2544 vulgavit
969 2483 1101 2540 amores,

423 2580 456 2639 ln
471 2577 582 2656 quibus
595 2579 661 2657 ipse
675 2594 765 2640 suum
779 2578 879 2639 lassus
894 2577 1077 2638 adulterium
1095 2589 1154 2638 est.
1169 2600 1173 2615 ι

384 2685 441 2743 Par
454 2684 510 2744 fnit
524 2683 626 2760 exigui
640 2683 808 2759 similisque
818 2682 939 2743 licentia
955 2682 1047 2754 Calvi,

426 2789 547 2851 Detexit
558 2790 650 2850 variis
665 2790 717 2867 qni
733 2807 787 2850 sua
801 2791 884 2852 furta
898 2791 1008 2852 modis.

384 2896 461 2969 Quid
475 2895 605 2956 referam
619 2895 742 2969 Ticidae,
759 2896 832 2973 quid
845 2896 965 2958 Memmi
980 2914 1114 2971 carmen,
1131 2903 1213 2977 apud
1228 2919 1306 2979 quos

426 3003 530 3064 Rebus
541 3004 630 3065 adest
643 3018 767 3077 nomen,
783 3003 1019 3080 nominibusque
1034 3005 1150 3081 pudor?

384 3109 477 3171 Cinna
490 3127 613 3187 quoque
626 3110 673 3171 bis
687 3127 791 3171 comes
805 3120 863 3182 est,
878 3109 1034 3186 Cinnaque
1048 3113 1210 3187 procacior
1223 3115 1333 3188 Anser,

425 3220 462 3280 Et
475 3219 542 3279 leve
556 3217 697 3280 Cornifici
710 3235 828 3295 parque
842 3217 963 3279 Catonis
978 3234 1069 3295 opus.

385 3327 422 3387 Et
433 3342 565 3403 quorum
579 3324 664 3385 libris
678 3325 771 3385 modo
785 3323 973 3406 dissimulata
988 3327 1106 3388 Perillae

426 3432 564 3504 Nomine,
581 3448 662 3492 nunc
677 3430 788 3509 legitur
802 3431 894 3506 dicta,
910 3434 1039 3509 Metelle,
1056 3440 1122 3497 tuo.

386 3538 415 3598 ls
427 3555 550 3615 quoque
564 3537 724 3598 Phasiacas
737 3537 840 3616 Argon
856 3539 908 3616 qui
921 3542 1010 3603 duxit
1023 3542 1053 3601 iu
1070 3543 1181 3615 undas,

427 3648 493 3707 Non
508 3647 608 3724 potuit
622 3647 747 3709 Veneris
761 3649 843 3710 turta
856 3660 960 3713 tacere
974 3669 1051 3713 suae.

387 3756 448 3817 Nec
463 3755 563 3817 minus
577 3755 728 3831 Hortensi,
744 3775 803 3819 nec
817 3769 890 3820 sunt
904 3760 1004 3820 minus
1017 3760 1253 3838 improbaservl
