2932 5002
706 386 826 444 ...Μ-

253 517 384 611 101ῄο0,
401 517 517 595 virque,
534 532 602 578 rnen
616 518 705 596 pueri
720 535 843 595 queque
860 518 967 579 sunere
982 530 1126 591 1111010111

292 626 386 703 Inque
400 627 492 687 demo
506 627 654 703 lacrymas
668 626 799 703 angulus
814 626 912 686 onrnis
926 626 1028 687 babet.

253 731 283 793 Si
296 731 368 792 licet
382 732 530 811 exemplis
543 732 575 791 in
589 749 683 809 parvo
698 731 865 809 grandibus
880 732 935 804 uti,

255 810 278 857 ’
292 842 363 902 Haec
378 841 470 902 iacies
483 842 594 918 Trajan,
611 859 682 901 curn
697 852 869 919 caperetur,
887 853 962 902 crat.

252 949 378 1023 Jamque
392 947 590 1024 quiescebant
604 965 695 1008 voces
709 948 928 1025 hominumque
942 964 1128 1024 canumque,

293 1056 438 1131 Lunaque
452 1064 621 1115 nocturnos
635 1055 695 1114 alta
710 1055 836 1131 regebat
850 1071 958 1130 eques:

250 1165 332 1224 Hanc
347 1181 405 1241 ege
419 1161 600 1240 suspiciens,
617 1174 648 1223 et
661 1163 700 1223 nb
714 1163 771 1238 hac
786 1162 930 1240 Capitolia
946 1179 1089 1233 cernens,

291 1271 363 1341 Quae
377 1279 484 1331 nostro
499 1269 614 1331 frustra
625 1270 733 1347 juncta
747 1270 833 1330 sucre
847 1270 926 1341 Lari3

249 1379 376 1440 Numina
390 1378 496 1439 vicinis
511 1377 676 1439 habitantia
690 1377 826 1450 sedibus,
843 1378 978 1454 inquam,

291 1488 416 1563 Jamque
431 1485 528 1545 oculis
543 1501 699 1561 nunquam
714 1485 827 1561 templa
841 1484 970 1545 videnda
985 1485 1072 1557 ineis,

250 1590 345 1669 Dique
360 1591 562 1668 relinquendi,
579 1609 658 1668 ques
672 1592 746 1652 urbs
761 1591 853 1651 habet
867 1592 928 1651 alta
942 1589 1069 1661 Quirini,

292 1703 363 1762 Este
378 1701 499 1763 salutati
513 1713 635 1779 tempus
650 1700 680 1760 in
696 1717 787 1760 omne
802 1699 886 1759 mihi.

249 1810 286 1870 Et
300 1826 484 1887 quamquam
499 1826 569 1870 sero
584 1810 724 1886 clypeum
741 1818 812 1885 pest
831 1807 956 1866 vulnera
971 1823 1071 1878 sumo,

291 1917 431 1980 Attamen
447 1919 525 1979 banc
541 1917 618 1979 odiis
633 1927 799 1978 exonerate
815 1917 930 1994 fugam:

253 2023 435 2101 coelestique
449 2024 527 2096 1110,
544 2024 612 2100 quis
626 2040 675 2085 me
690 2022 847 2100 deceperit
861 2039 949 2081 error

293 2131 399 2192 Dicite:
416 2149 474 2209 pre
489 2131 580 2208 culpa
594 2149 633 2191 ne
648 2131 750 2191 scelus
765 2148 834 2190 esse
848 2141 948 2208 putet.

249 2240 297 2311 Ut,
315 2238 398 2315 quod
412 2255 466 2298 vos
478 2236 573 2308 scitis,
589 2254 692 2314 poenae
707 2255 830 2313 queque
845 2238 956 2298 sentiat
970 2249 1090 2309 auct01·;

293 2345 414 2406 Placato
428 2361 556 2423 pessum
571 2361 634 2404 non
650 2343 743 2404 rniser
759 2347 914 2405 esseben.

250 2457 311 2516 Hac
326 2473 419 2533 prece
433 2453 556 2516 adoravi
572 2472 703 2533 superos
718 2472 788 2533 ego,
804 2454 944 2533 pluribus
959 2472 1038 2515 uxor

291 2564 432 2643 Singultu
446 2565 564 2627 medios
578 2565 789 2644 praepediente
803 2581 909 2625 sonos.

249 2673 302 2732 illa
317 2672 408 2732 etiarn
422 2683 493 2732 aute
508 2674 599 2731 Lares
613 2674 712 2748 passis
725 2683 880 2748 prostrata
897 2669 1027 2748 capillis,

291 2775 423 2853 Contigit
438 2773 607 2835 exstinctos
623 2792 677 2834 are
691 2784 842 2835 tremente
857 2775 957 2834 focus:

250 2882 404 2958 Multaque
418 2880 448 2940 in
464 2881 610 2941 adversos
624 2879 729 2941 eiiudit
743 2881 835 2940 verba
850 2881 988 2955 Penates,

293 2992 351 3051 Pro
368 2990 529 3066 deplorato
545 3006 607 3050 nnn
623 2988 752 3050 valitura
767 2988 843 3049 1110.

249 3101 375 3175 Jamque
390 3115 485 3158 merae
501 3097 632 3175 spatium
647 3116 710 3158 nox
724 3098 912 3177 praecipitntn
928 3101 1072 3178 negabat,

292 3207 446 3282 Versaque
462 3206 500 3266 ab
515 3221 572 3264 axe
587 3223 643 3265 sue
658 3205 814 3266 Parrhasis
828 3206 937 3266 Arctos
953 3216 1028 3266 erat.

249 3312 325 3384 Quid
340 3313 489 3374 iacerem?
500 3313 614 3373 blando
629 3312 736 3390 patrita
751 3313 905 3374 retinebar
920 3330 1036 3373 aurore:

290 3421 400 3483 Ultima
414 3421 469 3482 sed
480 3421 577 3497 jussae
592 3439 654 3481 nex
669 3431 735 3482 erat
749 3421 799 3482 illa
814 3421 913 3500 ingen

251 3529 307 3590 Ah!
324 3530 443 3606 quoties
458 3529 559 3607 aliquo
575 3530 636 3590 dixi
651 3541 850 3608 properante,
867 3531 943 3601 Quid
958 3532 1065 3608 urges?

292 3639 345 3699 Vel
361 3657 422 3717 quo
437 3640 562 3702 festines
576 3639 632 3714 irc,
650 3642 696 3702 vel
712 3643 805 3713 unde,
823 3641 900 3702 ride.

250 3744 306 3805 db!
324 3744 443 3821 quoties
459 3757 574 3807 certam
589 3764 721 3807 mesum
737 3747 882 3808 mentitus
896 3748 1010 3808 babere
