2932 5002
711 362 834 422 ...86-

252 500 307 557 Dat
322 495 374 557 tibi
389 505 494 556 nostro
509 494 611 555 locum
630 492 708 554 tituli
723 494 856 564 fortuna3
878 503 1039 571 caputque

296 602 502 680 Conspicuum
514 600 612 679 pietas
629 617 690 678 qua
703 610 756 661 tua
772 601 859 661 tollat
876 600 982 661 babet.

255 711 346 771 Utere
360 707 560 785 temporibus,
576 723 708 783 quorum
728 723 811 767 nunc
829 722 957 768 munere
977 706 1056 768 freta
1072 723 1121 767 es:

297 814 353 875 En!
372 823 456 892 patet
473 814 505 873 in
517 815 624 875 laudes
640 814 786 874 areolam
802 824 881 873 tuas.

575 1038 755 1096 Ebusum
776 1039 842 1093 lv.

255 1253 354 1333 oqui,
376 1252 550 1315 nominibus
564 1269 660 1329 quum
680 1253 722 1313 sis
737 1268 908 1331 generosus
925 1251 1026 1324 avitis,

298 1362 471 1438 Exsuperas
485 1375 607 1419 morum
621 1358 780 1419 nobilitate
795 1375 905 1437 genum

258 1472 350 1547 Cujus
366 1468 446 1530 inest
459 1469 559 1530 animo
569 1468 660 1546 patrii
672 1468 816 1530 candoris
830 1468 943 1547 imago,

298 1579 363 1638 Nou
381 1587 483 1638 careat
499 1577 600 1637 nervis
611 1578 727 1638 condor
744 1587 779 1638 ut
797 1576 857 1637 iste
870 1576 945 1647 suis;

257 1689 351 1768 Cuius
365 1688 396 1748 in
408 1687 532 1766 ingenio
554 1684 662 1766 patriae
675 1686 817 1749 facundia
832 1687 947 1765 linguae
961 1696 1021 1760 est,

300 1797 363 1869 Qua
379 1795 464 1875 prior
479 1795 510 1855 in
526 1795 609 1855 Latio
624 1794 758 1856 nonfuit
774 1796 834 1855 ulia
849 1793 931 1867 ioro;

258 1907 343 1978 Quod
358 1904 480 1966 minime
493 1903 586 1978 volui,
605 1904 713 1983 positis
728 1921 786 1983 pro
804 1903 928 1964 nominc
944 1902 1043 1982 siguis

299 2012 402 2074 Dictus
416 2028 460 2085 es;
480 2012 622 2089 ignoscas
640 2010 783 2072 laudibus
798 2009 856 2070 ista
874 2010 946 2072 tois.

258 2117 303 2177 Nil
319 2134 376 2195 ego
390 2115 526 2194 peccari:
541 2126 594 2176 tun
608 2125 638 2175 te
655 2117 737 2177 bona
749 2115 872 2194 cognita
884 2116 1032 2193 produnt.

300 2223 341 2297 Si,
361 2223 445 2300 quod
458 2240 503 2295 es,
517 2239 658 2300 appares,
679 2225 770 2300 eulpa
781 2225 881 2284 soluta
896 2241 963 2284 mea
979 2234 1036 2285 est.

259 2333 319 2394 Nec
334 2344 434 2395 tamen
446 2332 580 2393 officium
593 2342 704 2394 nostro
715 2332 769 2394 tibi
784 2333 918 2395 carmine
930 2335 1058 2408 factum,

301 2437 440 2518 Principe
454 2449 516 2500 tam
527 2439 613 2515 justo
627 2456 724 2516 posse
735 2456 848 2500 nocere
861 2449 948 2518 puta.

261 2554 329 2625 lpse
343 2556 431 2623 pater
444 2545 563 2623 patriae,
581 2545 654 2622 quid
669 2545 750 2606 enim
768 2544 887 2606 civibus
902 2545 973 2606 mot

301 2651 437 2712 Sustinet
456 2651 487 2709 in
510 2661 616 2712 nostro
632 2650 768 2711 carmine
784 2667 869 2728 saepe
883 2650 955 2730 legi:

263 2760 324 2820 Nec
337 2758 503 2837 prohibere
519 2767 632 2835 potest,
650 2757 720 2834 quia
734 2775 783 2818 res
798 2768 844 2819 est
859 2758 994 2837 publica,
1013 2758 1128 2821 Caeser.

307 2867 344 2926 Et
361 2866 399 2925 de
413 2863 568 2925 communi
580 2878 655 2942 pars
666 2881 790 2942 quoque
804 2877 910 2927 nostra
926 2866 1011 2927 bono
1030 2876 1087 2926 est.

265 2969 403 3050 luppiter
417 2969 545 3048 ingeniis
560 2971 679 3048 praebet
696 2987 751 3032 sua
771 2972 897 3034 numina
911 2983 1026 3048 vatum,

305 3079 405 3155 Seque
420 3077 569 3139 celebrari
587 3078 724 3154 quolibet
739 3097 793 3139 ore
805 3080 886 3142 sinit.

161 3271 164 3278 Ι
266 3191 361 3250 causa
375 3198 428 3250 tua
445 3187 586 3266 exemplo
604 3189 791 3266 Superomm
812 3201 876 3252 tuta
894 3192 1025 3254 duorum
1042 3205 1104 3256 est:

304 3297 440 3368 Quorum
456 3295 505 3356 bic
517 3295 716 3374 conspicitur,
733 3296 876 3370 creditur
887 3297 939 3359 iile
956 3300 1045 3362 deus.

264 3407 303 3468 Ut
317 3424 380 3467 non
395 3404 564 3479 debuerim,
581 3415 683 3466 tamen
700 3407 759 3467 hoc
774 3424 832 3486 ego
851 3385 1107 3470 crimen'amubor
1204 3476 1207 3481 ,

306 3512 371 3571 Non
393 3511 450 3573 suit
464 3510 580 3573 arbitrii
595 3510 696 3574 littera
711 3524 817 3575 nostra
835 3514 887 3575 tui.

266 3620 328 3680 Noc
343 3637 436 3693 nova,
453 3621 538 3698 quod
556 3631 661 3685 tecum
677 3622 798 3699 loquor,
816 3634 863 3687 est
883 3623 994 3702 iniuria
1015 3635 1135 3695 uostrm

301 3727 464 3788 incolumis
482 3747 552 3791 cum
567 3750 628 3808 quo
642 3749 725 3812 saepe
739 3733 861 3793 loeutus
877 3747 971 3791 eram.
