2932 5002
526 330 647 386 ..73-

57 463 123 521 Noc
139 477 223 521 mare
238 458 415 521 concrescit
435 457 544 536 glacie:
563 472 632 528 nec,
649 466 778 529 utante,
794 474 849 534 per
866 457 976 517 lstrum

101 571 235 631 Stridula
250 571 450 630 Sauromates
465 567 604 645 plaustra
619 567 774 629 bubulcus
789 568 861 645 agit.

59 674 211 755 1ncipiont
225 676 337 752 aliquae
351 687 455 736 tamon
472 676 532 735 huc
547 676 664 736 adnare
677 674 800 747 carinae,

102 785 290 862 llospitaque
305 785 335 843 in
351 785 440 846 Ponti
456 785 560 846 littore
576 786 688 864 puppis
704 786 771 847 erit.

60 892 191 975 Sedulus
207 892 374 951 obcurram
389 902 503 953 unntae:
520 892 666 967 dictaque
682 892 790 964 salute,

101 999 177 1070 Quid
191 999 292 1059 veniat
312 1015 462 1075 quaerum,
480 999 599 1075 quisve,
616 1000 770 1074 quibusve
785 1000 873 1060 locis.

60 1108 113 1167 llle
128 1107 250 1184 quidem
265 1107 388 1180 mirum,
406 1106 463 1167 nisi
478 1108 516 1167 de
531 1107 658 1184 regione
673 1107 851 1184 propinqua

103 1215 168 1274 Non
182 1213 240 1275 nisi
254 1213 369 1274 vicinas
388 1225 473 1274 tutus
488 1214 584 1274 ararit
599 1204 707 1289 aquas.
832 1281 837 1292 ยน

61 1321 159 1381 Rarus
172 1321 211 1380 ab
225 1320 308 1381 ltalia
323 1331 443 1381 tantum
458 1335 543 1379 mare
559 1319 660 1379 navita
675 1320 795 1381 transit:

105 1429 219 1490 Littora
233 1446 321 1490 rarus
335 1429 365 1488 in
380 1431 447 1490 haec
462 1429 613 1506 portubus
628 1429 702 1489 orba
717 1429 808 1489 venit.

62 1535 130 1594 Sive
145 1545 246 1594 tamen
262 1534 348 1594 Graia
363 1533 477 1606 scierit,
495 1534 558 1601 sive
572 1533 623 1593 ille
637 1533 742 1598 Latina

105 1643 187 1702 Voce
201 1642 296 1719 loqui,
314 1653 398 1702 certe
413 1641 530 1720 gratior
544 1642 637 1719 hujus
652 1641 720 1702 crit.

61 1749 117 1810 Fas
133 1766 268 1827 quoque,
284 1751 322 1809 ab
339 1766 392 1809 ore
408 1749 477 1810 freti
492 1750 659 1828 longeque
674 1748 878 1826 Propontidos
894 1748 995 1821 undis,

103 1856 168 1915 lluc
182 1854 314 1931 aliquem
329 1864 416 1916 certo
431 1856 502 1916 vela
516 1853 639 1915 dedisse
653 1853 742 1915 Noto.

65 1961 206 2038 Quisquis
220 1961 246 2022 is
261 1973 318 2034 est,
336 1961 467 2031 memori
482 1978 640 2025 rumorem
654 1977 731 2023 voce
744 1961 872 2034 referre,

105 2068 142 2127 llt
155 2067 221 2127 lieri
236 2067 326 2127 famae
340 2084 476 2144 parsque
490 2068 667 2144 gradusque
681 2076 794 2144 potest.

64 2173 103 2246 ls,
120 2190 246 2250 precor,
263 2172 385 2234 auditus
400 2171 500 2250 possit
514 2188 641 2233 narrare
655 2171 827 2250 triumphos

106 2281 247 2354 Caesaris,
264 2293 295 2342 et
309 2280 393 2342 Latio
409 2280 530 2342 reddita
544 2293 615 2342 vota
629 2281 705 2345 lovi:

62 2387 178 2464 Teque,
195 2386 384 2458 rebellatrix,
403 2388 539 2457 taudem,
556 2387 727 2457 Germania,
744 2387 845 2462 magui

103 2494 206 2554 Triste
223 2502 316 2568 caput
329 2491 460 2568 pedibus
475 2489 676 2567 supposuisse
688 2489 785 2552 ducis.

61 2603 134 2661 Haec
150 2600 223 2659 mihi
238 2599 291 2675 qui
306 2600 431 2672 referet,
449 2614 520 2674 quae
534 2615 596 2658 non
610 2597 722 2659 vidisse
737 2599 861 2670 dolebo,

105 2707 158 2767 llle
175 2722 253 2766 meac
268 2704 373 2766 domui
388 2704 531 2783 protinus
545 2706 659 2783 hospes
673 2705 741 2766 erit.

64 2817 128 2876 lieu
142 2815 229 2888 mihi,
242 2815 347 2890 jnmue
363 2816 475 2876 domus
491 2815 635 2892 Scythico
650 2815 777 2877 Nasonis
791 2816 823 2877 in
838 2817 927 2877 orbe?

107 2923 234 2999 lamque
247 2937 338 2981 suum
353 2919 426 2981 mihi
441 2920 494 2981 dat
507 2938 565 2999 pro
579 2922 655 2987 Lare
669 2939 762 2998 poena
775 2922 893 2984 locunt?

65 3028 99 3086 lli
114 3027 236 3100 saciant,
253 3038 288 3088 ut
302 3028 404 3099 Caesar
418 3045 480 3090 nou
495 3027 545 3088 hic
558 3030 715 3107 penetrale
729 3030 927 3106 domumque,

105 3133 277 3211 Hospitium
292 3150 396 3210 poenae
411 3135 466 3195 sed
481 3134 554 3202 uelit
568 3151 636 3197 esse
650 3151 738 3197 mere.

368 3351 553 3412 mium
571 3351 688 3409 xm.

62 3563 146 3623 Ecce
163 3566 387 3637 supervacuus,
400 3561 475 3636 quid
489 3562 570 3622 enim
584 3561 642 3624 fuit
659 3560 734 3622 utile
748 3561 846 3639 gigni?

108 3667 156 3726 Ad
172 3683 226 3726 sua
242 3665 351 3742 patalis
367 3676 506 3743 tempora
521 3677 627 3728 noster
642 3667 739 3728 adest.
