2932 5002
703 358 843 421 415«

301 491 463 566 Quamque
480 490 556 568 lupi,
573 505 664 551 saevae
678 492 748 567 plus
763 491 890 552 feritatis
904 491 1028 553 habent,

271 598 337 659 Non
351 608 492 660 metuunt
506 600 601 677 legeS,
617 599 671 659 sed
686 599 767 660 cedit
780 599 896 659 viribus
911 614 1045 676 aequum,

300 707 448 784 Victaque
472 708 607 785 pugnaci
619 709 691 785 jura
704 710 761 770 sub
777 727 850 770 ense
859 711 976 786 Jacent.

259 813 408 886 Pellibus,
428 822 459 872 et
471 812 549 873 iaris
564 823 671 874 arcent
685 815 764 874 male
776 814 890 892 frigora
904 814 1035 885 braccis

302 919 421 995 Oraque
436 927 508 978 sunt
523 917 627 995 longis
642 919 773 980 horrida
786 929 866 980 tecta
880 919 988 980 comis.

262 1028 295 1086 ln
310 1025 421 1105 paucis
438 1037 600 1088 remanent
614 1027 711 1088 Graiae
725 1027 852 1106 vestigia
865 1028 989 1107 linguae:

303 1134 374 1194 flaec
388 1149 511 1209 quoque
521 1133 585 1209 jam
600 1133 704 1194 Getico
718 1133 849 1194 barbara
863 1133 941 1194 iacta
960 1149 1049 1195 sono.

273 1243 359 1303 Unus
374 1241 405 1301 in
419 1243 478 1302 hoc
488 1243 605 1320 populo
619 1258 710 1302 nemo
725 1252 782 1314 est,
798 1242 850 1318 qui
861 1241 941 1303 sorte
955 1241 1047 1304 latine

311 1349 461 1420 Quaelibet
472 1366 488 1409 e
499 1348 600 1410 medio
613 1350 743 1410 reddere
755 1348 848 1409 rerba
863 1360 965 1425 queat.

268 1460 325 1520 Ille
348 1476 407 1536 ego
424 1460 579 1518 Romanus
592 1468 688 1531 vates,
705 1457 854 1535 ignoscite
865 1458 971 1530 Musae,

309 1563 481 1626 Sarmatico
496 1580 593 1643 cogor
607 1563 739 1641 plurima
753 1580 840 1624 more
849 1564 946 1640 loqui.

276 1671 321 1730 En
337 1670 444 1748 pudet,
460 1678 492 1728 et
505 1667 613 1741 fateor3
626 1669 691 1745 jam
705 1669 906 1730 desuetudine
918 1671 1021 1747 longa,

313 1776 368 1836 Vix
385 1776 520 1836 subeunt
535 1774 595 1854 ipsi
610 1777 702 1836 verba
714 1775 819 1836 Latina
833 1775 917 1837 mihi.

271 1883 332 1943 Nec
366 1881 472 1943 dubito
487 1881 559 1958 quin
575 1880 635 1942 siut
645 1892 676 1942 et
694 1880 725 1940 in
740 1882 799 1941 hoc
814 1896 876 1942 non
891 1898 988 1959 pauca
1004 1881 1116 1943 libello.

316 1993 459 2052 Barbara:
478 2008 541 2052 non
555 1990 687 2051 hominis
697 1991 798 2067 culpa,
812 1991 866 2051 sed
876 1989 933 2051 ista
947 1989 1019 2050 loci.

274 2101 315 2161 Ne
331 2110 437 2161 tamen
453 2099 595 2161 Ausoniae
609 2100 736 2177 perdam
746 2097 931 2161 commercia
949 2098 1072 2176 linguae,

314 2209 349 2269 Et
367 2208 534 2286 fiatpatrio
548 2224 609 2268 ror
628 2223 695 2269 mea
709 2219 792 2269 muta
807 2224 896 2280 sono;

276 2316 344 2392 lpse
364 2316 477 2392 loquor
491 2331 626 2386 mecum,
646 2316 834 2391 desuetaque
848 2313 941 2374 verba
955 2322 1101 2384 retracto,

315 2422 352 2482 Et
366 2419 461 2481 studii
472 2430 581 2496 repeto
597 2419 684 2494 signa
696 2418 818 2476 sinistra
832 2416 902 2476 mei.

280 2529 328 2591 Sic
344 2527 479 2588 animum
495 2535 680 2601 tempusque
695 2524 795 2596 traho,
817 2539 927 2599 meque
940 2522 1006 2600 ipse
1022 2524 1148 2596 reduco,

323 2633 571 2708 Acontemplatu
588 2630 818 2707 submoveoque
832 2631 912 2691 mali.

273 2736 464 2800 Carminibus
479 2753 588 2814 quaero
599 2736 782 2797 miserarum
798 2737 908 2798 oblivia
920 2755 1036 2799 rerum:

317 2843 447 2906 Praemia
464 2843 489 2903 si
505 2843 608 2904 studio
627 2858 802 2919 consequor
817 2843 884 2917 ista,
902 2854 949 2905 sat
963 2854 1019 2906 est.

627 3059 809 3114 EIAEGIA
823 3059 937 3114 vlll.

284 3275 349 3336 Non
366 3274 443 3334 adeo
459 3272 567 3344 cecidi,
582 3271 718 3347 quamvis
734 3272 883 3346 dejectus,
900 3281 933 3330 ut
943 3270 1022 3331 infra

323 3381 364 3440 'i'e
379 3395 502 3456 quoque
517 3376 585 3449 sim,
603 3376 728 3437 iuferius
744 3394 806 3453 qno
822 3375 896 3435 nihil
911 3393 979 3438 esse
1004 3387 1119 3455 potest.

289 3487 361 3557 Quae
376 3485 428 3546 tibi
443 3501 493 3544 res
507 3481 625 3543 animos
642 3482 672 3540 in
687 3499 736 3543 me
749 3481 833 3555 facit,
854 3481 1009 3559 improbe?
1024 3499 1117 3543 curre

329 3593 457 3655 Casibus
474 3583 617 3662 insultas)
633 3608 711 3667 quos
725 3601 814 3668 potes
828 3590 894 3668 ipse
907 3591 986 3668 pati?

289 3701 352 3761 Nec
367 3702 448 3762 mala
471 3711 501 3762 te
517 3700 651 3760 reddunt
665 3697 780 3772 mitem,
795 3697 987 3775 placidumve
998 3700 1111 3776 iacenti
