2932 5002
711 417 836 475 -55-’

301 549 444 618 Perdere,
463 547 595 606 ‹lirerste
611 565 667 604 noc
684 557 813 623 potuere
829 549 896 607 vtae.

258 657 447 732 suffecitque
463 655 550 714 malis
566 652 697 725 animus3
716 672 784 714 nam
801 673 916 732 corpus
932 658 970 715 al)
986 657 1039 715 illo

301 765 429 843 Accepit
444 765 536 835 vires,
553 763 664 840 vixque
680 765 805 825 serenda
822 766 901 825 tulit.

259 876 335 934 llum
353 886 454 933 tamen
472 883 502 933 et
516 872 615 932 ventis
631 873 742 932 dubius
755 875 896 948 jactabar
911 884 941 933 et
956 874 1058 944 undis,

303 983 434 1042 Falleltat
449 998 539 1041 curas
554 998 698 1058 aegraque
714 984 808 1042 corda
824 984 923 1042 laltor.

260 1090 298 1150 m
313 1089 359 1147 ria
375 1087 457 1148 finita
472 1098 530 1158 est,
547 1098 671 1163 etopus
687 1089 836 1163 requievit
852 1090 956 1159 eundi,

304 1199 339 1257 Et
355 1213 457 1274 poenae
472 1197 564 1255 tellus
579 1206 626 1254 est
641 1195 712 1253 milri
728 1207 808 1255 tacta
825 1214 914 1261 nto-ar:

266 1306 310 1365 llil
326 1305 382 1365 nisi
398 1306 471 1364 llere
488 1304 573 1376 libet,
591 1321 647 1363 nec
664 1315 773 1363 nostro
790 1305 913 1381 parcior
929 1307 1026 1366 imber

305 1411 441 1483 Lumine,
459 1412 497 1470 de
512 1426 603 1469 verna
620 1427 710 1486 qnam
728 1411 796 1471 nive
813 1424 915 1472 manat
930 1430 1021 1490 aqua.

264 1519 359 1578 Roma
373 1519 545 1594 domusque
561 1518 654 1590 subit,
672 1518 921 1597 desideriumque
936 1523 1089 1592 locorum,

302 1626 452 1702 Quidquid
468 1637 498 1686 et
512 1626 622 1686 amissa
639 1638 732 1686 restat
748 1628 777 1686 in
795 1631 872 1689 urlto
888 1631 958 1689 mei.

261 1738 337 1808 ileu,
355 1735 426 1794 milri
442 1737 524 1812 quod
536 1736 631 1796 toties
646 1737 744 1796 nostri
761 1739 880 1814 pulsata
897 1741 1031 1816 sepulcri

302 1846 409 1917 lanua,
427 1846 481 1904 sed
497 1845 581 1903 nullo
597 1855 736 1920 tempore
751 1857 856 1921 aperta
873 1848 939 1906 l'nit!

260 1951 322 2010 Cur
338 1967 395 2025 ego
411 1959 457 2008 tot
472 1948 590 2024 gladios
607 1949 682 2024 fugi,
701 1950 854 2025 totiesque
869 1951 982 2011 minata

305 2057 412 2117 Obruit
426 2055 531 2114 infelix
545 2058 627 2116 nulla
643 2059 780 2133 procella
796 2062 903 2136 capnt?

261 2164 306 2236 m,
326 2181 408 2239 qnos
423 2163 566 2240 experior
581 2164 706 2224 nimium
723 2178 903 2226 constanter
917 2168 1049 2246 iniquos,

310 2270 476 2347 participes
488 2270 540 2330 irae
556 2288 647 2347 quam
663 2273 739 2332 deus
755 2291 835 2333 unus
850 2275 952 2345 lraltet3

268 2382 478 2455 Exstimulate‚
496 2400 618 2459 precor,
636 2385 786 2444 cessantia
802 2386 874 2456 sata,
891 2386 1011 2462 meique

305 2493 447 2554 luteritus
463 2494 582 2553 clausas
598 2510 666 2553 esse
681 2504 780 2554 rotate
796 2494 890 2553 fores.

607 2712 787 2768 mmmmm
810 2715 888 2768 111.

266 2921 336 2984 llaee
353 2941 430 2994 mea,
449 2924 472 2982 si
489 2941 562 2984 casu
578 2925 707 2995 miraris,
725 2925 850 3002 epistula
866 2942 961 3001 quare

303 3029 436 3090 Alterius
452 3029 553 3107 digitis
568 3031 682 3108 scripta
698 3031 747 3104 sit,
765 3049 848 3109 teger
860 3048 955 3093 eram.

263 3134 356 3215 AEger
369 3136 399 3195 in
416 3137 560 3197 extremis
575 3137 672 3214 ignoti
687 3138 826 3214 partibus
841 3139 937 3210 orbis,

305 3247 506 3322 lncertusque
522 3263 598 3306 meae
613 3263 702 3324 paene
718 3247 825 3306 salutis
840 3264 936 3305 eram.

261 3353 338 3423 Quid
352 3352 425 3411 mihi
441 3369 523 3411 nunc
540 3352 630 3411 animi
646 3353 712 3410 dira
730 3351 856 3428 regione
868 3352 984 3426 jacenti

306 3460 390 3517 luter
405 3459 599 3517 Sauromatas
615 3473 683 3515 esse
699 3457 851 3531 Getasque
865 3456 969 3533 putas?

261 3565 322 3625 Nec
340 3565 453 3624 coelnm
468 3562 578 3639 patior,
596 3581 655 3622 uec
670 3562 757 3638 aquis
772 3563 961 3622 assuevimus
977 3563 1054 3633 istis,

306 3672 461 3746 Terraque
475 3668 580 3729 nescio
594 3683 656 3745 quo
667 3686 729 3727 non
747 3670 849 3745 placet
863 3668 929 3745 ipsa
945 3671 1049 3729 modo.
1070 3704 1074 3711 ,

263 3779 329 3838 Non
343 3778 453 3838 domus
471 3786 541 3856 apta
555 3775 640 3837 satis:
657 3793 719 3835 non
738 3775 787 3836 hic
804 3774 892 3837 cibus
907 3775 990 3836 utilis
1005 3794 1103 3855 tegre:
