2932 5002
726 386 848 445 ..(34.-

314 526 413 584 Caesar
424 524 454 581 in
472 525 531 582 lroc
546 519 646 599 potuit
652 519 731 596 juris
748 520 862 579 habere
880 518 965 577 nihil.

270 634 400 705 Quilibet
414 634 491 693 hanc
508 649 589 692 save
607 629 699 690 vitam
714 629 787 689 mihi
802 628 886 689 finiat
903 645 989 699 ense;

312 743 358 801 Me
376 754 477 802 tamen
492 741 645 801 exstineto
656 738 734 799 lama
750 750 907 816 superstes
922 738 991 798 erit.

270 853 408 927 Dumque
422 849 484 909 suis
502 847 610 908 uictrix
627 864 750 908 ornnem
769 845 976 907 dementibus
990 848 1097 908 orbem

312 955 479 1034 Prospiciat
494 954 642 1015 domitum
657 954 761 1015 Martia
776 956 882 1025 Roma,
895 955 990 1032 legar.

271 1064 314 1123 Tu
329 1079 462 1138 quoque,
482 1077 573 1138 quam
587 1059 679 1120 studii
696 1071 816 1120 maneat
828 1058 945 1120 felicior
955 1077 1041 1131 usus,

312 1171 416 1248 Effuge
432 1180 578 1230 venturos
596 1185 656 1246 qua
672 1179 762 1246 potes
781 1185 879 1246 usque
896 1185 1002 1246 rogos.

572 1387 754 1444 nmmum
770 1388 882 1443 vul.

272 1601 358 1659 Nunc
371 1616 429 1675 ego
445 1597 621 1674 Triptolemi
636 1613 782 1674 cuperem
804 1598 1015 1658 conscendere
1029 1612 1151 1668 currus,

313 1703 393 1764 Misit
407 1703 438 1761 in
455 1703 589 1780 ignotam
605 1700 745 1779 quirmle
763 1719 869 1762 semen
887 1703 1027 1763 humum:

274 1818 358 1876 Nune
374 1830 432 1892 ego
446 1814 560 1874 Medeae
575 1813 683 1873 vellem
699 1813 830 1874 fraenare
845 1813 1008 1886 dracones,

315 1921 396 1992 Quos
411 1919 518 1980 habuit
532 1918 652 1997 lugiens
667 1936 750 1992 aree,
770 1919 926 1992 Corinthe,
943 1928 1007 1980 tua:

275 2032 360 2090 Nune
376 2047 433 2106 ego
449 2029 609 2105 jactandas
624 2039 763 2106 optarem
779 2045 902 2088 sumere
913 2043 1044 2105 pennas,

315 2138 382 2199 Sive
396 2148 475 2210 tuas,
494 2138 617 2208 Persem
634 2137 767 2208 Daedale,
783 2135 846 2196 sive
861 2147 941 2197 tuas:

273 2245 311 2305 Ut
325 2256 430 2304 tenera
447 2240 562 2302 nostris
577 2241 708 2301 cedente
723 2240 875 2301 volatibus
890 2257 976 2312 aura,

314 2353 491 2431 Aspicerem
506 2349 614 2428 patriae
629 2349 719 2410 dulce
735 2359 863 2427 repente
881 2349 994 2423 solum,

270 2462 465 2536 Desertaeque
480 2458 590 2518 domus
607 2459 737 2531 vultum,
755 2475 971 2535 memoresque
986 2460 1121 2532 sodales,

314 2570 450 2645 Curaque
468 2565 625 2644 praecipue
641 2566 782 2645 conjugis
797 2583 850 2627 ora
865 2583 952 2648 meae.

273 2680 381 2751 Stulte,
400 2677 472 2754 quid
487 2679 552 2737 lraec
568 2677 683 2739 frustra
699 2677 777 2738 votis
792 2677 961 2754 puerilibus
976 2687 1076 2754 optas,

316 2783 389 2854 Quae
405 2785 541 2845 nonulla
557 2783 611 2850 tibi
631 2784 752 2861 fertque
767 2783 904 2858 feretque
919 2781 997 2843 dies?

274 2889 302 2949 Si
318 2888 412 2949 semel
430 2893 609 2965 optamdum
626 2899 684 2960 est,
705 2886 835 2964 Augusti
849 2903 963 2948 numen
983 2891 1089 2961 adora,

313 2997 350 3056 Et
369 3013 459 3072 quem
475 2999 608 3070 sensisti,
630 2997 688 3057 rite
703 3013 832 3073 precare
846 2997 950 3057 deum.

275 3104 328 3165 llle
343 3104 394 3166 tihi
409 3121 586 3182 pennasque
616 3113 719 3181 potest
732 3116 903 3179 currusque
915 3104 1056 3165 volucres

318 3211 463 3281 Tradere;
481 3210 533 3270 det
545 3209 691 3282 reditum,
709 3207 850 3287 protinus
864 3210 928 3270 ales
943 3208 1015 3270 cris.
1108 3252 1111 3257 -

278 3316 306 3376 si
322 3333 433 3394 precer
449 3316 528 3388 haec,
545 3332 649 3392 neque
670 3315 751 3375 enim
766 3330 895 3393 possum
911 3315 1027 3391 maJ'ora
1039 3316 1171 3392 precari,

319 3426 361 3485 Ne
376 3442 443 3485 mea
457 3423 519 3485 sint
538 3425 631 3486 timeo
651 3437 720 3487 uota
736 3426 874 3486 modesta
887 3416 1007 3501 parurn.

278 3530 416 3591 Forsitan
428 3533 487 3591 hoc
504 3532 593 3605 olim,
611 3549 680 3592 cum
697 3549 729 3592 se
744 3530 898 3591 satiaverit
910 3530 966 3604 ira,

323 3640 407 3700 Tunc
424 3657 547 3716 quoque
562 3640 693 3702 sollicita
708 3651 810 3701 ruente
827 3641 982 3718 rogandus
999 3640 1067 3700 erit.

279 3748 365 3820 Quod
381 3748 480 3809 minus
502 3749 618 3812 interea
634 3761 691 3822 est,
707 3749 804 3810 instar
817 3748 889 3812 milri
912 3749 1048 3810 muneris
1062 3749 1165 3829 ampli,
