2932 5002
518 353 638 411 ..29-

68 475 127 541 lut
139 492 302 559 postquam
315 480 463 540 bimarem
477 497 570 541 cursu
583 479 793 556 superavimus
809 480 955 550 isthmon,

110 588 273 663 Alteraque
285 597 333 647 est
347 597 461 646 nostrae
475 596 596 664 sumpta
611 586 714 646 carina
727 586 819 663 fugae.

67 694 157 762 Quod
170 693 302 752 lacerem
315 709 421 753 uersus
436 692 516 753 inter
532 693 596 752 sera
612 709 769 752 murmura
782 694 880 769 ponti,

112 799 255 875 Cycladas
268 799 386 875 AEgaeas
401 798 597 874 obstupuisse
610 809 696 875 puto.

70 906 138 981 lpse
151 923 209 982 ego
224 922 305 965 nunc
320 905 424 976 miror,
444 904 535 964 tantis
553 903 705 981 animique
721 905 874 980 marisque

112 1013 267 1074 Fluctibus
284 1007 439 1090 ingenium
453 1030 515 1073 non
530 1013 677 1073 cecidisse
693 1031 807 1085 meum,

70 1121 130 1179 Seu
144 1129 252 1197 stupor
266 1119 337 1179 huic
351 1119 463 1190 studio,
484 1119 546 1178 sive
563 1119 634 1178 huic
650 1119 766 1178 insania
780 1137 904 1186 nomeu,

113 1225 212 1286 Omnis
225 1226 263 1285 ab
277 1226 334 1286 hac
349 1242 424 1285 cura
437 1241 524 1302 mens
538 1226 669 1284 relevata
685 1241 751 1285 mea
764 1235 821 1285 est.

72 1332 159 1409 Saepe
173 1347 230 1409 ego
244 1330 391 1391 nimbosis
405 1330 515 1391 dubius
526 1330 665 1406 jactabar
677 1332 715 1390 ab
729 1331 840 1398 Haedis;

115 1447 202 1524 Saepe
215 1447 317 1507 minax
329 1448 472 1525 Steropes
488 1447 587 1507 sidere
603 1459 717 1524 pontus
732 1460 808 1508 erat:

73 1552 282 1629 Fusoabatque
297 1553 377 1613 diem
392 1563 496 1614 custos
509 1553 734 1614 Erimanthidos
748 1555 846 1625 Ursae,

117 1652 176 1721 Aut
187 1653 304 1738 Hyadas
317 1654 422 1722 saervls
436 1655 579 1722 hauserat
593 1657 702 1722 Auster
717 1663 813 1739 aquis:

74 1770 162 1844 Saepe
176 1766 268 1828 maris
282 1784 354 1844 pars
367 1767 450 1828 intus
464 1778 540 1840 erat;
558 1777 660 1828 tamen
675 1768 741 1844 ipse
757 1771 899 1829 trementi

115 1875 253 1935 Carmina
265 1876 415 1935 ducebam
429 1875 663 1957 qualiacumque
676 1892 778 1934 manu.

76 1983 163 2043 Nune
176 1998 300 2061 quoque
311 1981 448 2044 contenti
461 1976 594 2044 stridunt
607 1979 756 2059 Aquilone
770 1968 947 2056 rudentes?

118 2091 213 2166 lnqus
225 2090 352 2152 modum
364 2090 474 2151 tumuli
486 2105 620 2162 concava
632 2089 731 2168 surgit
743 2106 832 2167 aqua.
938 2160 944 2168 ,

77 2198 145 2275 lpse
158 2197 346 2274 gubernator
356 2196 467 2257 tollens
480 2198 519 2257 ad
532 2196 633 2257 sidera
645 2198 771 2275 palmas,

118 2302 264 2382 Exposuit
277 2303 367 2376 votis,
379 2303 540 2364 immemor
555 2303 641 2376 artis,
656 2321 757 2381 opem.

77 2410 277 2486 Quocumque
290 2407 429 2486 adspexi,
444 2407 518 2467 nihil
533 2419 580 2469 est
595 2407 652 2468 nisi
665 2409 772 2469 mortis
786 2409 897 2486 imago:

118 2516 213 2587 Quam
227 2515 319 2576 dubia
332 2514 424 2574 timeo
434 2525 548 2585 mente,
564 2514 735 2589 timensque
749 2530 872 2590 precor.

81 2624 221 2702 attigero
235 2634 371 2701 portum,
386 2633 479 2700 portu
492 2623 633 2683 terrebor
646 2623 684 2682 ab
698 2621 777 2699 ipso.

120 2734 191 2794 Plus
203 2733 295 2793 habet
306 2731 416 2792 infesta
429 2742 512 2792 terra
526 2730 643 2791 timoris
655 2747 745 2808 aqua.

82 2836 156 2903 Nam
169 2840 259 2906 simul
271 2839 387 2901 insidiis
400 2840 570 2912 hominum,
584 2839 745 2917 pelagique
759 2839 878 2912 laboro,

119 2949 156 3010 Et
167 2947 283 3008 faciunt
296 2946 435 3024 geminos
450 2945 544 3018 ensis,
561 2956 592 3006 et
602 2946 684 3006 unda
698 2956 814 3005 metus.

80 3051 133 3118 llle
146 3073 215 3117 meo
228 3072 336 3118 vereor
349 3073 388 3116 ue
401 3066 506 3135 speret
519 3054 666 3135 sanguine
680 3056 829 3132 praedam,
886 3110 889 3117 .

120 3166 190 3227 llaec
202 3165 324 3227 titulum
337 3177 452 3227 nostrae
465 3167 573 3226 mortis
586 3167 700 3226 habere
714 3164 798 3224 velit.

78 3275 211 3336 Barbara
222 3290 294 3350 pars
306 3274 382 3333 laeva
396 3284 443 3334 est
455 3273 551 3334 avidae
564 3273 720 3333 succincta
735 3271 862 3348 rapinae,

122 3383 217 3452 Quam
229 3397 323 3441 cruor
333 3391 364 3441 et
376 3383 478 3442 caedes
491 3383 632 3458 bellaque
645 3397 768 3458 semper
783 3381 911 3439 habent.

82 3493 243 3567 Quumque
261 3489 299 3550 sit
312 3488 448 3550 hibernis
461 3488 606 3566 agitatum
619 3489 762 3550 lluctibus
777 3503 896 3564 aequor,

126 3601 253 3660 Pectora
269 3608 340 3659 sunt
354 3597 422 3674 ipso
438 3597 607 3658 turbidiora
622 3597 709 3657 mari.

86 3707 150 3777 Quo
168 3704 263 3783 magis
277 3704 324 3765 bis
337 3705 431 3765 debes
445 3702 615 3780 ignoscere,
632 3702 759 3764 candide
772 3704 881 3775 lector,
989 3785 992 3791 Ι
1092 3724 1101 3737 ’
