2932 5002
520 382 639 438 ..49-

106 514 192 573 Nulla
206 518 357 571 venenato
372 510 458 569 litura
473 509 562 568 mista
573 510 647 585 joco
663 519 720 570 est.

64 620 150 677 luter
165 627 210 676 tut
225 615 341 694 populi,
360 625 405 675 tot
419 615 524 692 scripti
539 615 631 674 millia
646 615 755 686 nostri,

108 722 202 791 Quem
216 737 283 780 mea
298 720 430 797 Calliope
446 720 569 790 laeserit,
586 737 666 780 uuus
682 736 750 796 ego.

61 829 129 887 Non
143 828 236 905 igitur
250 826 362 887 nostris
377 827 472 886 ullum
487 826 621 902 gaudere
635 826 779 896 Quiritem

72 925 76 935 ’
104 937 255 1012 Auguror,
272 946 302 994 at
315 934 428 993 multos
442 933 621 1005 indoluisse,
637 933 736 994 malis.

60 1040 123 1098 Nec
138 1040 209 1098 mihi
224 1038 429 1124 eredibileest
442 1055 625 1114 quemquam
640 1038 802 1098 insultasse
812 1039 939 1113 jacenti;

108 1146 206 1206 Gratia
221 1145 347 1205 candori
362 1145 386 1204 si
401 1161 461 1220 qua
476 1145 570 1203 relata
582 1159 651 1203 meo
667 1154 724 1203 est.

60 1256 112 1315 llis
125 1271 247 1332 precor,
264 1265 356 1331 atque
370 1253 436 1312 aliis
450 1253 570 1328 possint
585 1262 636 1312 tua
650 1252 774 1312 numina
785 1253 877 1323 lleeti,

103 1363 126 1422 0
141 1373 237 1438 pater,
255 1360 396 1438 epatriae
411 1376 485 1419 eum
500 1361 645 1435 salusque
661 1370 734 1419 tum.

61 1471 127 1528 Non
142 1479 175 1528 ut
190 1469 219 1527 in
234 1468 395 1528 Ausoniam
410 1469 544 1537 redeam,
560 1467 617 1527 nisi
632 1467 758 1528 forsitan
774 1467 857 1537 olim,

105 1579 179 1637 Cum
193 1578 286 1653 longo
301 1593 402 1653 poeuae
417 1588 557 1652 tempore
572 1576 670 1634 victus
685 1576 756 1635 eris:

61 1683 167 1742 Tutius
183 1682 332 1752 exsilium,
348 1682 502 1757 pauloque
515 1679 646 1756 quietius
661 1697 729 1749 0u03

80 1827 91 1841 ·
106 1797 142 1856 Ut
157 1814 213 1872 par
228 1796 339 1856 delicta
356 1796 396 1855 sit
409 1812 475 1854 mea
490 1812 582 1874 poeua
597 1813 664 1855 suo.

60 2062 1091 2090 m

243 2407 493 2608 lull
545 2409 913 2610 TERTIUS.

462 3179 644 3232 mmm
659 3182 693 3233 1.

60 3493 173 3556 Missus
189 3492 218 3549 iu
234 3493 312 3550 hauc
328 3493 416 3550 venio
431 3492 535 3552 timide
550 3493 627 3552 liber
642 3494 756 3552 exsulis
773 3494 891 3565 usheim

104 3601 145 3658 Da
161 3599 312 3675 placidam
327 3599 421 3670 lassa,
438 3600 537 3658 lector
551 3599 658 3670 amice,
676 3616 809 3671 mauum;

62 3707 142 3767 Nate
157 3705 335 3778 reformida,
354 3723 391 3764 ue
407 3705 463 3764 sim
479 3704 533 3765 tibi
548 3705 627 3766 sorte
641 3706 763 3783 pudori:
