2932 5002
730 385 850 444 -68—

277 519 393 593 Perque
406 533 502 577 novos
516 526 626 594 pontes
640 517 747 576 subter
761 516 934 578 labentibus
956 520 1047 579 undis

318 631 437 690 Ducunt
451 628 607 691 Sarmatici
623 630 752 690 barbara
770 631 906 707 plaustra
921 632 1028 692 boves

276 736 332 796 Vix
344 735 485 813 equidem
498 737 616 797 credar:
633 737 688 797 sed
703 753 773 796 curu
788 736 848 797 sint
862 738 988 814 praernia
1004 738 1071 798 falsi

318 843 414 916 Nulla,
431 853 528 904 ratam
542 840 629 903 testis
644 843 735 903 debet
749 843 863 903 habero
877 843 980 903 iidem.

278 949 411 1010 Vidimus
424 948 578 1026 ingentem
593 948 689 1026 glacie
704 948 872 1009 consistere
887 961 1028 1026 pontum,

318 1057 507 1134 lubricaque
518 1056 660 1120 immotas
674 1068 750 1118 testa
768 1059 927 1135 premebat
941 1075 1047 1136 aquas.

276 1167 336 1227 Nee
350 1165 461 1228 vidisse
475 1177 522 1226 sat
536 1177 593 1240 est;
610 1168 720 1228 durum
736 1165 919 1242 calcavimus
933 1184 1052 1244 aequor:

317 1273 463 1349 Undaque
477 1289 539 1333 uon
553 1274 616 1334 udo
630 1274 688 1334 sub
702 1274 780 1350 pede
794 1288 912 1334 sumina
927 1272 993 1334 luit.

277 1378 307 1440 Si
320 1379 375 1440 tibi
388 1380 447 1440 tale
461 1380 573 1442 fretum
587 1381 753 1457 quondam,
770 1381 917 1452 Leandro,
931 1378 1051 1450 fuisset,
1103 1404 1106 1410 ·

317 1487 382 1546 Non
397 1487 475 1548 foret
488 1497 627 1566 angustae
641 1503 725 1548 mors
738 1497 791 1548 tua
805 1486 921 1548 crimen
937 1504 1036 1564 aquae.

277 1593 353 1654 Tum
369 1610 468 1670 neque
484 1610 517 1655 se
531 1593 623 1673 pandi
642 1604 772 1673 possunt
788 1593 947 1672 delphinos
962 1594 992 1654 in
1008 1611 1097 1654 auras

317 1701 447 1761 Tollere:
462 1710 610 1763 conantes
624 1702 701 1763 dura
713 1712 838 1762 coercet
859 1703 980 1780 hyems

278 1809 313 1870 lit
327 1808 463 1885 quamvis
475 1810 588 1871 Boreas
598 1810 721 1888 iactatis
736 1810 858 1873 insonet
871 1810 940 1882 alis,

318 1917 440 1977 lluctus
454 1916 485 1976 in
499 1919 627 1980 obsesso
646 1919 768 1997 gurgite
787 1919 891 1980 nullus
908 1917 977 1979 erit.

278 2023 467 2100 lnclusaeque
480 2026 551 2103 gelu
561 2026 697 2099 stabunt,
711 2036 745 2087 ut
759 2042 922 2098 marmore,
939 2042 1070 2103 puppes:

318 2132 378 2192 Nec
391 2133 505 2210 poterit
519 2134 631 2212 rigidas
648 2136 764 2196 findere
783 2153 887 2197 remus
901 2152 1007 2213 aquas.

279 2238 412 2301 Vidimus
426 2240 457 2300 in
469 2242 566 2319 glacie
578 2242 679 2319 pisces
694 2244 812 2304 haerere
826 2244 947 2321 ligatos:

318 2348 355 2408 Et
376 2365 448 2426 pars
465 2348 577 2410 exiliis
592 2360 657 2410 tum
677 2367 801 2427 quoque
819 2350 885 2412 viva
900 2352 968 2413 fuit.

279 2453 345 2516 Sive
359 2453 452 2533 igitur
463 2454 547 2516 nimii
565 2457 653 2517 Borae
668 2456 713 2518 ris
727 2473 807 2520 saeva
820 2458 965 2533 marinas,

320 2562 388 2624 Sive
400 2565 586 2627 redundatas
600 2564 724 2628 lumine
736 2566 820 2646 cogit
833 2583 940 2644 aquas

279 2669 432 2744 Protinus,
448 2681 569 2748 aequato
584 2671 674 2734 siccis
688 2673 887 2750 Aquilonibus
901 2676 992 2749 letio,

319 2775 473 2838 Invehitur
487 2777 580 2838 celeri
593 2779 743 2840 barbarus
758 2781 855 2842 hostis
868 2798 962 2860 equo:

278 2882 379 2944 Hostis
399 2901 479 2960 equo
497 2885 617 2963 pollens
632 2888 785 2966 longeque
799 2891 921 2953 volante
939 2892 1058 2970 sagitta,

320 2986 454 3050 Vicinam
471 2990 532 3052 late
545 2992 750 3070 depopulatur
763 2997 900 3058 humum.

278 3092 441 3174 Diffugiunt
457 3095 517 3170 alii,
534 3097 687 3177 nullisque
704 3101 861 3163 tuentibus
876 3119 978 3182 agros,

317 3204 514 3267 Incustoditae
529 3206 714 3286 diripiuntur
728 3225 815 3288 opes;

277 3311 366 3373 Ruris
380 3330 456 3390 opes
473 3330 587 3391 parrae,
603 3332 710 3393 pecus,
727 3327 758 3378 et
774 3318 932 3380 stridentia
945 3322 1092 3397 plausum

319 3421 357 3479 Et
370 3436 447 3496 quas
460 3419 578 3482 divitias
593 3421 692 3483 incola
706 3440 824 3501 pauper
837 3426 938 3487 habet.
962 3437 964 3441 ·

277 3524 349 3585 Pars
362 3525 463 3603 agitur
477 3526 586 3588 vinctis
600 3538 672 3606 post
685 3537 806 3607 tergun
819 3541 908 3607 capta
922 3533 1056 3607 lacertis,

317 3631 493 3709 Respiciens
506 3632 619 3696 frustra
632 3635 882 3715 infamemque
903 3656 1003 3701 suum.

277 3738 348 3798 Pars
361 3735 441 3799 cadit
456 3738 583 3801 hamatis
598 3740 708 3803 misere
725 3742 845 3807 counio
859 3744 989 3826 saginis:
