2932 5002
524 369 644 430 -83-

69 499 147 558 Vera
162 508 263 558 tamen
278 497 412 574 populus
428 496 527 574 capiet
541 499 716 575 spectacula
730 499 814 570 felix,

116 609 258 682 Laetaque
273 605 331 666 erit
344 621 482 683 praesens
499 622 569 666 eum
588 607 666 667 duce
677 608 768 667 turha
782 623 850 674 suo:

69 714 109 773 At
126 712 199 772 mihi
215 711 343 789 fingenti
357 721 485 771 tamtum
499 713 651 789 longeque
665 723 785 778 remoto

110 821 243 882 Auribus
257 820 306 880 hio
322 820 440 880 fructus
454 820 673 897 percipiendus
687 819 757 892 erit;

68 929 167 1006 Atque
180 929 289 1006 procul
302 927 385 988 Latio
400 927 554 988 diversum
569 927 680 987 missus
694 927 727 986 in
742 929 849 989 orbem

112 1016 167 1106 oui
180 1044 284 1094 narret
298 1033 421 1111 cupreo,
437 1033 488 1092 vu
502 1033 572 1104 em,
589 1033 648 1093 rsa
667 1033 753 1094 mint.

69 1145 98 1204 ls
112 1159 235 1220 quoque
245 1142 309 1218 jam
324 1159 427 1201 serum
441 1141 554 1202 referet
569 1149 765 1217 veteremque
778 1141 978 1222 triumphum

114 1249 178 1318 Quo
192 1258 293 1307 tamen
308 1246 433 1307 audiero
448 1255 599 1322 tempore,
616 1246 706 1306 laetus
720 1263 785 1307 ero.

16 1337 19 1342 ¹
69 1356 123 1414 llla
137 1353 201 1414 dies
215 1351 328 1424 veniet,
345 1367 412 1412 mea
427 1367 487 1428 qua
506 1349 649 1427 lugubria
664 1368 789 1428 ponam,

112 1462 267 1538 Causaque
281 1460 398 1538 privata
412 1459 536 1538 publiea
550 1460 648 1535 major
661 1458 729 1520 erit.

420 1677 602 1733 annau
615 1678 695 1733 111.

73 1894 179 1970 llagnn
194 1889 353 1966 minorque
368 1888 453 1959 ferae,
470 1904 600 1964 quarum
614 1888 708 1965 regie,
724 1889 832 1962 altera,
849 1891 966 1964 Graias,

115 1999 228 2069 Altera,
244 1994 395 2066 Sidonias,
412 2005 543 2070 utraque
558 1993 651 2066 sicca,
667 2005 762 2069 rates,

73 2103 177 2162 Omnia
192 2118 286 2178 quum
301 2117 421 2162 summo
435 2099 545 2178 positae
559 2099 686 2161 videatis
700 2099 732 2160 in
746 2118 815 2176 arte,

116 2209 153 2269 Et
167 2208 259 2268 maris
273 2207 418 2269 occiduas
432 2223 495 2267 non
510 2206 644 2268 subeatis
657 2224 765 2285 aquas,

74 2313 301 2390 AEtheriamque
315 2312 379 2374 suis
397 2312 524 2390 cingens
537 2312 729 2391 amplexibus
743 2329 859 2386 arcem,

115 2419 223 2478 Vester
237 2419 275 2476 ab
290 2417 404 2477 intaeta
420 2417 555 2476 circulus
570 2426 671 2476 exstet
684 2419 790 2488 humo;

73 2524 207 2602 Aspicite
221 2523 281 2594 illa,
297 2539 421 2599 precor,
438 2536 508 2597 quae
522 2538 584 2580 non
598 2522 678 2581 bene
692 2521 805 2592 moenia
816 2528 973 2600 quondam

119 2629 235 2688 Dicitur
248 2628 356 2688 iliades
369 2625 559 2688 transiluisse
573 2629 696 2700 Remus3
745 2685 746 2688 ,

72 2740 170 2815 lnque
186 2753 284 2797 meam
299 2735 411 2796 nitidos
427 2734 581 2796 dominam
596 2737 766 2799 convertite
782 2742 896 2815 rultns3

115 2846 219 2923 Sitque
232 2862 349 2906 memor
363 2845 461 2907 nostri
474 2861 583 2918 necne,
600 2846 713 2909 referte
726 2848 812 2911 milri.

75 2953 140 3014 Heu
155 2952 239 3013 milri!
256 2970 312 3013 cur
330 2952 458 3012 nimium
472 2968 542 3028 quaa
557 2963 629 3014 sunt
642 2955 829 3031 manisfesta,
847 2961 988 3038 requiro?

122 3059 182 3120 Cur
194 3059 277 3118 labat
290 3057 433 3135 ambiguo
447 3075 519 3135 spes
534 3058 607 3119 milri
621 3059 711 3121 mista
725 3063 826 3123 metui

83 3165 178 3224 Crede
192 3164 276 3240 quod
290 3173 347 3235 est,
365 3164 449 3240 quod
463 3163 519 3235 ris,
536 3180 572 3225 ac
587 3164 693 3226 desine
703 3175 769 3226 tuta
783 3171 897 3231 vereri:

125 3270 228 3345 Deque
244 3269 303 3329 tide
319 3279 402 3328 certa
416 3268 456 3329 sit
470 3267 525 3329 tibi
539 3280 623 3330 certa
639 3269 727 3330 fides:

75 3374 139 3443 Quo
151 3375 233 3451 dque
245 3374 318 3450 polo
334 3372 404 3432 fixae
418 3382 575 3448 nequeunt
590 3371 644 3434 tibi
654 3373 758 3436 dicere
773 3375 917 3451 llammae,

54 3516 57 3521 ·
125 3483 192 3546 Non
205 3479 370 3543 mentitura
384 3489 418 3546 tu
433 3479 486 3542 tibi
501 3497 578 3545 voce
591 3482 684 3545 reler:

85 3589 160 3650 Esse
176 3586 220 3645 tui
239 3600 417 3657 memorem,
435 3586 473 3646 de
488 3603 548 3661 qua
563 3588 616 3649 tibi
631 3589 763 3653 maxima
777 3607 853 3655 oure
867 3603 925 3668 est3

122 3696 275 3772 Quodque
290 3704 404 3772 potest,
423 3711 528 3760 seeum
543 3712 656 3761 nomen
670 3699 785 3765 habore
798 3710 895 3767 tuum.
