2932 5002
505 373 646 432 ..105-

54 506 178 569 Arbiter
189 505 320 584 imperii,
341 521 402 582 quo
416 514 534 566 certum
549 515 597 566 est
608 504 724 582 sospite
734 516 865 567 cunctos

98 612 241 674 Ausoniae
258 627 363 671 curam
378 611 478 688 gentis
495 610 608 672 habere
624 612 713 683 Deos3

54 721 78 780 0
92 722 199 793 decus,
216 736 235 779 o
250 718 358 796 patriae
373 728 470 794 perte
485 717 623 779 florentis
633 716 748 796 imago!

96 827 176 888 Orir
189 844 252 887 nou
268 826 348 903 ipso,
362 843 452 902 quem
468 826 560 903 regis,
583 826 658 886 orbe
673 825 783 885 minor!

54 937 104 997 Sic
119 937 236 999 habites
251 948 361 1008 terras,
378 935 421 997 sic
436 946 467 997 tc
481 935 636 997 desideret
648 936 759 1006 aether,

97 1042 146 1103 Sic
160 1043 199 1103 ad
216 1052 307 1119 pacta
321 1041 376 1103 tibi
391 1041 492 1102 sidera
506 1042 613 1102 tardus
628 1040 692 1101 eas!

56 1150 151 1210 Parce
164 1165 287 1226 precor:
305 1149 519 1224 minimamque
534 1158 588 1208 tuo
602 1149 641 1208 de
654 1146 780 1208 fulmine
794 1157 915 1224 partem

100 1257 203 1327 Deme3
216 1255 289 1316 satis
303 1271 416 1332 poenae,
433 1255 516 1331 quod
529 1253 698 1331 superabit,
714 1252 782 1313 erit.

58 1364 105 1424 lra
120 1363 244 1441 quidem
258 1364 415 1424 moderata
431 1372 481 1422 tua
496 1371 555 1434 est,
572 1361 727 1438 vitamquo
749 1359 871 1422 dedisti:

99 1471 159 1531 Nec
174 1469 247 1530 mihi
257 1470 309 1546 Jus
325 1468 410 1542 civis,
427 1485 484 1529 nec
500 1467 573 1528 mihi
588 1485 700 1529 nomen
715 1468 815 1529 abest.

58 1577 119 1637 Nec
134 1592 202 1636 mea
216 1592 363 1636 concessa
378 1586 425 1636 cst
439 1574 505 1635 aliis
519 1574 654 1636 fortuna:
671 1591 728 1635 uec
744 1573 832 1634 exsul

102 1685 200 1747 Edicti
214 1685 315 1746 verbis
329 1686 472 1747 nominor
486 1686 553 1764 ipse
572 1686 627 1746 tui.

62 1790 228 1867 Omniaque
243 1791 309 1851 ltaec
325 1790 420 1864 timui,
438 1791 508 1868 quia
523 1808 571 1852 me
586 1791 736 1853 meruisse
749 1791 899 1854 videbam:

103 1897 163 1957 Sed
178 1906 230 1956 tua
245 1908 374 1973 peccato
389 1896 487 1957 lenior
502 1897 546 1957 ira
557 1913 625 1957 meo
640 1906 697 1958 est.

61 2002 140 2062 Arm
155 2003 325 2081 relegatum
336 2001 455 2079 jussisti
471 2002 568 2064 visere
582 2003 669 2063 Ponti
674 2023 682 2075 3

105 2109 142 2169 Et
156 2108 330 2187 Scythicum
345 2110 476 2188 profuga
490 2109 630 2170 scindere
644 2126 748 2189 puppe
761 2109 887 2171 fretum.

61 2215 76 2274 l
81 2230 172 2275 ussus
186 2217 225 2276 ad
237 2215 346 2276 Euxini
361 2215 508 2277 deformia
523 2215 626 2278 littora
641 2215 710 2277 veni

108 2320 262 2396 AEquoris;
279 2323 345 2382 haec
360 2321 463 2400 gelido
491 2333 573 2384 terra
587 2323 644 2383 suh
659 2338 716 2382 axe
727 2322 822 2396 jacet.

62 2425 124 2488 Nec
141 2443 191 2488 me
205 2437 268 2488 tam
283 2427 400 2486 cruciat
412 2442 569 2500 uunquam
583 2425 648 2484 sine
661 2424 775 2500 frigore
789 2422 914 2494 coelum,

103 2535 261 2610 Glcbaque
277 2533 399 2594 canenti
414 2549 535 2609 semper
550 2532 659 2592 obusta
678 2532 759 2609 gelu,

59 2641 230 2717 Nesciaque
244 2650 292 2701 est
305 2639 390 2716 vocis
406 2640 489 2714 quod
503 2640 633 2699 barbara
643 2638 746 2716 lingua
756 2637 881 2724 Latinae,

105 2744 257 2821 Graiaque
272 2745 357 2821 quod
369 2744 473 2805 Getico
486 2744 565 2805 ricta
582 2746 703 2821 loquela
714 2762 802 2817 sono,

62 2854 159 2924 Quam
170 2855 254 2931 quod
263 2852 393 2913 finitimo
405 2852 524 2914 cinctus
539 2869 664 2930 premor
679 2852 814 2929 undique
826 2853 934 2926 Marte,

106 2960 224 3037 Vixque
239 2941 341 3028 brevis
355 2970 456 3020 tutum
471 2976 579 3021 murus
591 2959 630 3019 ab
646 2959 735 3020 hoste
749 2959 831 3021 lacit.

67 3067 241 3127 Pantamen
259 3065 426 3138 interdum;
444 3065 530 3144 pacis
540 3063 650 3126 fiducia
662 3082 829 3142 numquam
840 3075 897 3126 cst.

106 3171 155 3232 Sic
168 3189 251 3232 nunc
266 3170 316 3232 hie
333 3171 459 3250 patitur,
478 3188 561 3231 nunc
578 3170 663 3231 timet
676 3187 772 3242 arma,
789 3171 887 3231 locus.

49 3279 138 3341 ilinc
158 3296 217 3358 ego
228 3281 301 3341 dum
313 3290 425 3353 muter,
443 3281 491 3340 uel
506 3297 555 3340 me
564 3279 701 3339 Zanclaea
718 3276 884 3354 Charybdis

104 3389 251 3461 Devoret,
268 3398 359 3465 atque
374 3387 438 3448 suis
448 3389 487 3448 ad
503 3389 593 3465 Styga
606 3387 705 3447 mittat
714 3385 812 3464 aquis:

66 3497 120 3556 Vel
135 3496 251 3574 rapidae
266 3495 396 3556 flammis
411 3512 484 3556 urar
498 3495 650 3573 patienter
665 3496 694 3554 in
709 3495 818 3556 AEtnae:

110 3601 165 3662 Vel
181 3601 259 3662 lreta
273 3599 419 3670 Leucadii
429 3599 531 3661 mittar
545 3600 576 3659 in
590 3601 650 3660 alta
661 3588 721 3660 dei.

68 3708 156 3781 Quod
173 3707 288 3784 petitur
302 3723 395 3786 poena
408 3717 465 3779 est,
482 3704 673 3783 nequeenim
688 3705 781 3767 miser
795 3722 862 3768 esse
877 3722 999 3779 recuso,
