2932 4996
508 407 629 464 ..57-

94 536 227 597 Ulterior
245 535 320 595 nulli
337 551 427 610 quarn
444 534 516 592 milri
535 544 617 594 terra
633 536 703 594 data
721 546 779 594 est.

57 644 190 722 Longius
205 645 262 703 hac
274 641 347 702 nihil
361 653 420 715 cst,
437 642 493 703 nisi
507 652 631 703 tanturn
646 643 742 720 frigus
753 654 784 703 et
799 643 906 714 lrcstis,

94 754 131 812 Et
148 751 399 812 marisedstricto
415 767 484 826 quae
504 750 566 811 coit
581 753 661 812 unda
674 753 755 828 gelu.

54 859 206 917 Hactenus
221 857 328 916 Euxini
340 873 412 933 pars
429 866 476 916 est
494 857 629 916 Romana
647 857 774 918 sinistri:

95 965 236 1025 Proxima
250 968 406 1026 Basternae
420 967 671 1042 Sauromataeque
692 979 809 1028 tenent.

56 1073 127 1131 llaec
143 1084 192 1132 est
206 1072 340 1133 Ausonio
355 1073 414 1133 sub
425 1073 497 1148 jure
512 1073 690 1146 novissima,
710 1073 824 1149 vixque

100 1178 201 1239 Haeret
220 1179 251 1237 in
269 1179 388 1256 imperii
402 1179 539 1256 margine
555 1191 637 1239 terra
652 1179 708 1240 tui.

62 1289 147 1348 Unde
164 1305 276 1364 precor
291 1290 422 1366 supplex
437 1299 471 1349 ut
486 1306 543 1349 nos
558 1289 589 1348 in
604 1300 669 1350 tuta
687 1291 818 1368 releges,

100 1395 142 1453 Ne
156 1394 194 1454 sit
210 1410 281 1454 curn
301 1394 399 1472 patria
413 1411 474 1471 pax
488 1412 612 1471 quoque
632 1396 775 1472 adempta
793 1397 889 1456 inihi:

59 1501 101 1559 Ne
114 1500 235 1560 timeam
250 1512 368 1578 gentes,
386 1517 461 1577 quas
476 1517 540 1560 non
556 1501 635 1560 benc
656 1505 829 1561 summovet
852 1503 941 1563 Ister:

102 1607 180 1667 Neve
195 1618 266 1668 tuus
280 1607 397 1685 possim
418 1606 492 1667 civis
509 1608 547 1667 ab
563 1608 652 1668 hoste
669 1607 748 1685 capi.

59 1713 116 1772 Fas
128 1713 270 1790 prohibet
283 1713 367 1773 Latio
384 1730 569 1790 quemquam
580 1715 619 1774 dc
634 1713 784 1790 sangnine
802 1725 910 1775 netum

104 1821 274 1882 Caesaribus
290 1821 379 1881 saltis
393 1823 523 1881 barbara
537 1821 636 1881 vincla
656 1821 730 1897 pati.

60 1929 250 1990 Perdiderint
265 1947 335 1989 eum
351 1947 399 1988 me
416 1929 478 1989 due
494 1929 631 2002 crimina,
651 1946 775 1988 carmen
792 1941 825 1990 et
840 1946 940 2000 errem

104 2035 236 2094 Alterius
254 2034 326 2094 laeti
345 2036 437 2111 culpa
452 2034 568 2095 silenda
584 2033 668 2095 mihi.

61 2139 135 2200 Nam
151 2138 226 2199 tanti
241 2156 303 2198 non
319 2156 398 2211 snm,
413 2156 558 2201 renovem
575 2151 610 2200 ut
627 2151 678 2201 tua
694 2142 830 2214 vulnera,
848 2141 960 2212 Caesttr,
1027 2199 1032 2205 .

106 2255 201 2327 Quem
216 2255 309 2315 nimio
320 2256 390 2334 plus
405 2265 452 2316 est
468 2253 638 2316 indoluisse
653 2257 758 2316 semel.

63 2364 165 2423 Altera
183 2379 255 2440 pars
270 2372 422 2441 superest:
439 2380 499 2440 qun
517 2361 599 2439 turpi
614 2360 743 2421 crimine
759 2373 859 2421 tactus

107 2472 229 2548 Argucr
246 2471 386 2531 obscoeni
403 2471 514 2531 doctor
527 2470 680 2531 adulterii.

65 2578 122 2637 Fas
136 2593 211 2653 ergo
227 2586 274 2636 est
291 2576 392 2651 aliqua
407 2577 545 2636 coelestia
559 2586 686 2653 pectora
701 2575 775 2645 lulli,
808 2610 812 2615 -

108 2687 145 2745 lit
160 2695 232 2747 sunt
246 2683 352 2744 notitia
365 2682 460 2743 multa
477 2684 595 2744 minora
610 2685 676 2745 tua?

65 2795 164 2871 thue
179 2795 265 2865 deos,
283 2794 459 2870 coelumque
475 2793 565 2853 simul
583 2793 713 2854 sublime
728 2794 838 2866 tuenti,

110 2899 176 2959 Non
189 2909 277 2959 vacat
292 2898 411 2977 exiguis
426 2900 519 2959 rebus
533 2901 642 2959 adesse
662 2899 738 2971 Jovi3

69 3006 137 3065 Ate
152 3006 338 3082 pendentem
356 3004 400 3065 sic
419 3005 492 3066 dum
507 3005 718 3084 circumspicis
734 3007 853 3079 orbem,

110 3110 264 3189 Effugiunt
280 3127 372 3171 cures
386 3111 530 3174 interiore
551 3113 638 3173 tuas?

68 3216 191 3278 Scilicet
207 3216 327 3295 imperii
340 3214 484 3294 princeps
500 3219 632 3279 statione
651 3219 767 3290 relicta,

112 3323 283 3399 lmparihus
297 3324 417 3399 legeres
432 3325 567 3385 carmina
580 3324 659 3384 sacta
675 3324 788 3384 modis?

67 3430 135 3491 Non
152 3444 188 3487 ca
205 3438 236 3486 te
250 3427 348 3487 moles
366 3427 493 3487 Romani
508 3429 641 3488 nominis
656 3441 760 3506 urget,

113 3537 208 3610 lnque
222 3532 284 3593 tuis
302 3533 436 3593 humeris
454 3545 517 3592 tam
533 3534 599 3593 leve
614 3535 711 3595 fertur
726 3552 817 3606 onus,

70 3640 200 3703 Lusibns
214 3649 249 3699 ut
264 3639 366 3716 possis
381 3640 541 3699 advertere
559 3657 672 3698 numen
687 3641 810 3719 ineptis,

113 3748 320 3828 Excutiasqne
340 3746 439 3809 oculis
454 3748 515 3809 otia
533 3758 639 3809 nostra
655 3748 724 3810 tuis.
