2932 5002
718 388 839 445 „57-

303 532 377 590 Cum
393 546 485 607 grave
498 544 576 587 nexa
592 527 682 586 simul
703 525 779 585 retia
795 536 913 603 mergat
928 527 1021 586 onus?

260 643 332 700 llaec
348 657 406 718 ego
421 639 457 711 si,
474 638 620 710 monitor,
636 636 770 698 monitus
784 636 871 714 prins
890 636 956 714 ipse
969 636 1107 708 fuissem,

302 749 334 805 ln
349 764 409 823 qua
424 747 591 806 debueram
605 744 735 804 forsitan
751 744 829 804 urbe
843 743 953 804 sorem.

257 857 335 915 Dum
352 866 453 915 tecum
469 854 539 927 vixi,
554 856 627 914 dum
642 870 691 913 me
704 852 778 913 levis
793 869 868 913 aura
882 853 1014 923 ferebat,

301 967 372 1024 Haec
388 981 454 1024 mea
467 982 522 1042 per
536 964 673 1042 placidas
687 964 796 1041 cymba
812 961 951 1024 cucurrit
965 979 1073 1039 aquas.

257 1072 314 1142 Qui
330 1071 412 1132 cadit
426 1071 457 1130 in
470 1073 574 1148 plano,
589 1071 639 1130 vix
653 1071 712 1130 hoc
728 1080 829 1130 tamen
843 1069 943 1129 evenit
958 1069 1076 1147 ipsum,

300 1178 348 1238 Sic
363 1178 455 1251 cadit,
470 1189 505 1239 ut
519 1188 600 1239 tacta
615 1194 742 1255 surgere
756 1176 855 1254 possit
869 1177 975 1235 humo.

259 1286 297 1344 m
310 1284 402 1343 miser
417 1284 551 1361 Elpenor
565 1293 646 1344 tecto
662 1283 806 1360 delapsus
821 1282 859 1341 ab
873 1282 946 1353 alto,

306 1392 443 1452 Occurrit
461 1391 528 1469 regi
543 1390 650 1451 debilis
665 1391 774 1452 umbra
787 1406 855 1451 sno.

258 1499 336 1570 Quid
352 1501 408 1562 fuit
421 1512 455 1562 ut
467 1512 548 1562 tutas
563 1501 693 1580 agitaret
706 1503 846 1562 Daedalus
861 1502 936 1572 alas,

304 1611 408 1671 lcarus
427 1610 592 1671 immensas
607 1610 731 1671 nomine
745 1610 847 1688 signet
860 1611 970 1687 aquas?

258 1718 375 1795 Nempe
390 1720 473 1794 quod
488 1718 537 1779 hic
552 1719 624 1791 alte,
641 1719 803 1779 demissius
817 1718 868 1778 ille
883 1719 1014 1779 volabat:
1065 1782 1068 1787 ,

302 1825 375 1884 Nam
388 1842 506 1902 pennas
524 1826 615 1885 ambo
631 1843 693 1884 non
709 1826 844 1885 habuere
862 1842 943 1884 snas.

265 1935 363 1994 Crede
378 1934 462 2006 mihi,
479 1936 559 1995 bene
573 1933 624 2010 qui
637 1934 737 2005 latuit,
753 1934 833 1992 bene
848 1933 932 2002 vixit3
950 1943 981 1993 et
995 1933 1073 1992 iul'ra

307 2043 472 2101 Fortunam
491 2042 583 2102 debet
598 2041 729 2117 quisque
743 2058 868 2101 manere
883 2057 969 2101 suam

265 2147 332 2206 Non
344 2147 423 2208 soret
436 2149 587 2208 Eumedes
603 2149 708 2219 orbus,
725 2147 750 2208 si
761 2147 840 2208 filius
855 2148 921 2223 ejus

298 2254 415 2313 Stultus
429 2253 581 2315 Achilleos
596 2272 658 2314 non
674 2255 845 2315 adamasset
859 2271 967 2331 equos:

259 2365 320 2423 Nec
335 2375 439 2424 natum
456 2363 488 2423 in
502 2365 623 2424 flamma
637 2364 773 2436 vidisset,
789 2365 820 2423 in
835 2366 946 2425 arbore
960 2374 1057 2436 natas,

308 2474 444 2551 Cepisset
459 2474 580 2551 genitor
594 2474 620 2535 si
635 2475 822 2534 Phaethonta
835 2475 967 2550 Merops.

261 2583 305 2640 Tu
322 2597 445 2656 quoque
457 2580 588 2640 formida
602 2579 730 2639 nimium
743 2579 883 2639 sublimia
898 2596 1030 2656 semper,

302 2685 516 2763 Propositique
532 2701 652 2745 memor
666 2685 814 2746 contrahe
828 2686 893 2745 vela
907 2685 962 2745 tui.

259 2793 336 2852 Nam
351 2793 430 2869 pede
444 2791 595 2853 inoffenso
613 2791 746 2869 spatium
761 2792 927 2852 decurrere
939 2783 1010 2852 vitae

303 2898 418 2976 dignus
436 2916 481 2971 es,
499 2908 531 2959 et
549 2899 612 2959 fato
628 2897 803 2959 candidiore
817 2898 887 2959 frui.

258 3008 331 3078 Quae
345 3024 403 3084 pro
417 3020 448 3067 te
466 3019 501 3068 nt
516 3023 639 3067 voveam
654 3006 718 3067 miti
733 3006 845 3084 pietate
859 3007 997 3079 mereris,

302 3115 490 3192 Haesuraque
505 3114 578 3174 mihi
590 3124 712 3192 tempus
725 3114 756 3172 in
769 3131 860 3174 omne
874 3115 945 3175 lide.

262 3224 327 3284 Vidi
343 3242 401 3303 ego
418 3236 446 3285 te
461 3225 513 3288 tali
527 3226 614 3284 vultu
629 3241 696 3284 mea
711 3225 771 3284 lata
784 3234 968 3301 gementem,

301 3331 427 3400 Qualem
443 3329 589 3390 credibile
604 3339 651 3389 est
665 3347 719 3388 ore
740 3328 834 3388 fuisse
849 3343 929 3386 meo.

259 3438 370 3496 Nostra
386 3447 453 3494 tuas
467 3435 527 3495 vidi
542 3436 692 3510 lacrymas
708 3451 801 3509 super
820 3449 874 3492 ora
889 3433 1045 3503 cadentes,

302 3546 452 3619 Tempore
467 3559 543 3618 qvvas
561 3559 624 3601 nno
639 3542 760 3618 fidaque
778 3542 870 3601 verba
883 3541 958 3601 bibi.

261 3654 347 3713 Nunc
361 3667 484 3727 quoque
502 3650 680 3709 submotum
696 3648 798 3709 studio
813 3647 951 3708 delendis
965 3647 1109 3722 amicum,

302 3761 338 3822 Et
359 3759 437 3820 mala
452 3757 503 3816 vix
519 3756 579 3816 ulla
594 3766 683 3836 parte
699 3756 826 3816 levanda
840 3756 933 3818 levas.
