2932 5002
725 427 845 486 „pp-

310 556 350 623 Ut
363 558 436 620 mihi
451 558 596 636 parcatis;
615 573 677 617 non
693 556 794 616 minus
808 557 896 616 exsul
912 555 979 615 ero?

271 667 336 726 Nou
351 683 409 745 ego
424 665 541 727 diuitias
556 665 661 727 avidus
676 665 741 726 sine
756 665 815 725 fine
829 665 957 742 parandi

271 804 287 851 t
312 775 419 833 Latum
433 771 586 832 mutandis
600 770 753 831 mercibus
767 788 874 846 aequor
888 787 953 830 aro:

269 878 330 939 Nec
344 889 428 955 peto,
445 894 521 954 quas
535 877 689 952 quondam
705 876 777 953 petii
793 877 960 946 studiosus,
978 876 1123 936 Athenas.

313 987 429 1065 Oppida
442 1003 504 1046 non
519 985 608 1059 Asiae,
626 1003 688 1047 non
702 986 771 1044 loca
785 985 848 1045 visa
862 984 960 1062 prius:

272 1093 337 1153 Non
351 1103 395 1166 ut,
411 1091 574 1153 Alexandri
588 1093 703 1151 claram
717 1091 837 1151 delatus
852 1091 882 1150 in
899 1091 1020 1162 urbem,

312 1198 439 1260 Delicias
452 1199 582 1271 videam,
598 1199 662 1259 Nile
672 1199 796 1274 jocose,
809 1209 891 1282 tuas.

272 1306 358 1377 Quod
372 1306 476 1368 faciles
491 1316 565 1383 opto
579 1317 687 1366 ventos
702 1305 781 1382 (quis
796 1306 922 1366 credero
936 1304 1058 1382 possiti)

311 1415 455 1477 Sarmatis
469 1425 516 1476 est
529 1416 632 1488 tellus,
649 1431 741 1491 quam
757 1431 823 1474 mea
838 1426 907 1475 vota
922 1424 1042 1492 potunt.

271 1523 394 1603 Obligor
408 1534 442 1585 ut
455 1535 578 1602 tangam
592 1524 659 1585 laevi
674 1524 738 1584 iera
751 1523 854 1584 littora
870 1524 968 1595 Ponti,

313 1631 459 1707 Quodque
473 1630 512 1691 sit
525 1647 542 1690 a
556 1630 652 1708 patria
663 1631 727 1707 jam
742 1631 813 1708 luga
828 1632 925 1702 tarda,
942 1647 1068 1706 queror.

273 1736 379 1797 Nescio
394 1753 455 1812 quo
470 1735 588 1797 videam
602 1736 720 1813 positos
734 1746 768 1796 ut
782 1737 813 1795 in
828 1737 903 1797 orbe
917 1735 1062 1806 Tomitas,

315 1843 418 1905 Exsilii
431 1844 508 1905 lacio
523 1862 579 1923 per
594 1860 661 1904 mea
675 1856 745 1906 vota
759 1843 848 1903 viam.

274 1954 333 2011 Seu
346 1968 395 2012 me
410 1950 542 2029 diligitis,
559 1962 660 2012 tantos
675 1950 862 2029 compescite
877 1952 1000 2021 lluotus,

314 2060 473 2136 Pronaque
488 2060 547 2120 sint
561 2071 675 2121 nostrae
689 2059 812 2121 numina
827 2070 928 2120 vestra
942 2058 1010 2118 rati:

275 2167 334 2226 Seu
347 2165 443 2243 magis
457 2165 574 2237 odistis,
586 2167 683 2242 jussae
697 2182 746 2225 me
760 2165 907 2226 advertito
921 2176 1023 2225 terrac.

315 2272 460 2351 Supplicii
473 2289 545 2351 pars
560 2283 607 2334 est
621 2272 652 2332 in
666 2273 791 2350 regione
806 2273 875 2332 mei.
1160 2351 1165 2360 ι

277 2379 364 2439 Ferte
377 2378 460 2456 (quid
474 2379 522 2440 bio
537 2379 637 2457 sociob)
652 2379 749 2457 rapidi
764 2395 831 2440 mea
845 2380 972 2440 carbasa
986 2380 1079 2449 ronti,

314 2485 465 2547 Ausonios
479 2487 555 2548 fines
570 2503 625 2547 cur
640 2503 706 2547 mea
721 2489 786 2547 vela
800 2486 917 2546 vidend

272 2594 373 2655 Noluit
385 2597 445 2656 hoc
460 2595 569 2656 Cacsar:
586 2594 659 2672 quid
674 2612 765 2673 quem
779 2594 864 2672 lugat
878 2593 928 2653 ille
943 2592 1069 2653 tenetis?

315 2699 470 2776 Adspiciat
481 2701 584 2759 vultus
597 2701 719 2758 Pontica
733 2712 816 2759 terra
830 2716 927 2758 meos.

275 2807 311 2864 Et
320 2804 420 2881 jubet,
437 2813 468 2864 et
481 2802 590 2864 merui:
606 2819 664 2863 nec
679 2818 749 2879 quaa
763 2802 952 2863 damnaverit
966 2802 1027 2875 ille,

316 2913 457 2987 Crimina,
470 2912 591 2975 delendi
606 2913 688 2974 lasne
702 2913 824 2990 piumve
837 2923 923 2990 puto.

277 3023 307 3083 Si
321 3035 421 3084 tamen
436 3033 504 3084 acta
519 3023 593 3083 deos
609 3039 766 3099 nunquam
779 3022 919 3084 mortalia
934 3024 1053 3096 fallunt,

315 3129 340 3190 Α
354 3129 443 3208 culpa
456 3127 573 3190 lacinus
589 3127 672 3190 scitis
686 3129 794 3192 abesse
807 3145 885 3190 mea.

274 3237 368 3297 lmmo
382 3235 434 3308 ita;
451 3253 505 3296 vos
519 3234 614 3296 scitis.
631 3234 661 3295 Si
676 3253 724 3302 me
738 3253 824 3297 meus
838 3237 963 3298 abstulit
977 3255 1075 3309 error,

315 3317 474 3420 Stultaque
487 3342 689 3433 mensnobis‚
706 3360 768 3403 non
784 3343 944 3416 scelerata,
962 3343 1029 3416 luit;

274 3452 444 3524 Quamlibet
458 3468 498 3513 ex
510 3449 655 3524 minimis,
671 3451 777 3512 domui
791 3451 816 3512 si
831 3436 958 3514 lavimus
973 3451 1026 3522 illi;

316 3558 346 3618 Si
361 3556 433 3619 satis
447 3557 575 3636 Augusti
590 3556 713 3636 publica
723 3559 811 3633 jussa
826 3557 911 3630 mihi3

276 3665 339 3752 Hoc
353 3664 442 3736 duce,
457 3663 483 3723 si
497 3662 559 3724 diui
573 3662 672 3724 lelicia
686 3665 809 3736 saccula,
827 3681 947 3741 proque

318 3771 435 3832 (laesare
451 3772 542 3833 thura
556 3770 636 3849 pius,
652 3771 884 3848 Caesaribusque
897 3771 978 3844 dedi;
