2932 5002
514 409 634 468 „79-

101 541 248 609 Sollicitae
264 541 392 604 comites
407 556 446 603 ex
455 541 597 603 llelicoue
611 541 702 620 fugae:

56 654 94 715 Et
110 650 221 732 partim
236 649 357 728 pelago,
374 648 486 728 partlm
497 647 624 725 vestigia
638 639 732 719 terra,

95 760 151 820 Vel
163 769 230 820 rate
241 758 392 836 dignatas,
401 758 450 817 vel
461 757 540 835 pede
554 766 661 816 nostra
677 754 774 832 sequi.

52 867 132 940 Sint,
142 882 266 944 precor,
286 866 335 925 hae
349 865 457 924 saltem
466 862 572 923 laoiles
587 862 671 923 mibi:
689 876 823 938 namque
834 861 965 923 deorum

98 973 217 1034 Caetera
231 987 423 1049 cummagno
438 970 558 1030 Caesare
568 970 659 1029 turba
670 968 753 1030 facit,

54 1082 164 1158 Meque
174 1089 219 1140 tot
231 1078 366 1140 adversis
380 1080 547 1152 cumulant,
560 1088 636 1154 quot
646 1077 732 1138 littus
744 1093 866 1152 arenas,

100 1185 240 1262 Quotque
250 1184 362 1245 fretum
373 1183 487 1262 pisces,
498 1200 615 1259 ovaque
625 1183 729 1261 piseis,
739 1180 844 1245 nabet·

58 1293 138 1352 Vere
152 1290 238 1370 prius
248 1292 355 1363 flores,
380 1300 458 1351 aestu
468 1289 644 1351 numerabis
659 1289 779 1363 aristas,

95 1394 261 1474 Pomaper
271 1407 465 1469 autumnum,
481 1396 709 1474 frigoribusque
724 1397 820 1470 nives,

41 1557 44 1562 .
57 1505 153 1575 Quam
160 1505 250 1577 mala,
263 1521 332 1581 quae
352 1515 418 1567 toto
429 1505 718 1583 patiorjactatusin
729 1507 816 1578 orbe,

101 1613 178 1672 Dum
190 1611 282 1672 miser
295 1611 404 1673 Euxini
420 1611 510 1672 litora
524 1612 601 1673 laeva
615 1623 698 1690 peto.

59 1718 120 1778 Nee
130 1728 243 1792 tamen,
268 1728 303 1778 ut
312 1717 392 1791 veni,
408 1717 505 1778 levior
520 1719 645 1778 fortuna
658 1720 807 1780 malmum
821 1730 879 1779 est:

100 1827 164 1887 llue
174 1843 296 1904 quoque
305 1820 384 1888 suut¹
393 1836 515 1888 nostras
533 1828 593 1887 lata
605 1838 710 1888 seeuta
725 1827 799 1889 vias.

57 1930 112 1992 Hie
127 1947 247 2010 quoque
261 1948 417 2011 cognosco
432 1932 541 1993 natalis
550 1932 678 1993 stamina
693 1932 801 2006 nostri;

102 2039 235 2101 Stamina
251 2042 289 2102 de
303 2041 392 2120 nigro
407 2043 519 2102 vellere
534 2041 613 2102 laeta
629 2034 714 2102 inibi.

59 2148 159 2224 thue
166 2165 223 2209 nec
235 2148 371 2221 insidias
391 2149 561 2227 capitisque
575 2149 712 2227 pericula
723 2165 857 2222 narrem,

103 2254 318 2331 veraquw,
337 2272 407 2316 vera
423 2258 477 2316 sed
492 2256 633 2336 graviora
650 2256 721 2330 lide;

58 2362 170 2425 Vivere
177 2381 269 2443 quam
279 2365 425 2426 miserum
440 2377 487 2427 est
497 2366 577 2427 inter
591 2367 764 2441 Bessosque
779 2367 930 2441 Getasque

106 2468 162 2541 llli,
175 2469 226 2545 qui
237 2469 345 2546 populi
358 2485 480 2546 semper
494 2469 526 2526 in
542 2485 597 2528 ore
611 2468 678 2529 luit!

59 2576 156 2647 Quam
170 2576 318 2636 miserum
333 2585 422 2653 porta
434 2575 526 2636 vitam
542 2593 692 2652 muroque
707 2578 799 2650 tueri,

105 2683 223 2760 Vixque
237 2683 284 2743 sui
296 2692 397 2743 tutum
413 2682 528 2744 viribus
549 2684 696 2745 esseloell

60 2791 178 2867 Aspera
188 2787 302 2850 militiae
307 2790 429 2866 juvenis
446 2789 612 2852 certamina
625 2791 700 2870 fugi,

103 2898 163 2958 Neo
179 2896 236 2958 nisi
249 2898 355 2958 lusura
372 2899 524 2962 movimus
539 2917 625 2960 arma
636 2917 740 2961 manu:

60 3007 147 3066 Nouo
160 3006 262 3067 senior
277 3007 441 3085 gladioque
455 3009 535 3070 latus
547 3019 699 3087 scutoque
715 3008 881 3086 sinistram,

104 3111 249 3173 Canitiem
260 3115 357 3192 galeae
368 3115 562 3192 subjieioque
577 3132 687 3177 meam.

63 3218 138 3278 Nam
153 3217 265 3279 dedite
280 3221 404 3298 specula
415 3232 520 3282 eustos
535 3221 682 3300 ubisigua
702 3223 863 3295 tumultus,
927 3216 930 3220 ’

103 3323 260 3385 Induimur
274 3326 394 3402 trepida
404 3327 546 3403 protinus
558 3342 642 3385 arma
653 3342 756 3385 manu.

63 3430 165 3492 Hostis
174 3432 290 3494 habens
306 3449 396 3493 areus
411 3432 588 3509 imbutaque
602 3434 662 3493 tela
677 3450 809 3507 venenu,
836 3415 837 3419 ¹

62 3554 73 3586 s
108 3537 211 3597 Saevus
224 3537 378 3597 anhelanti
393 3539 505 3598 moenia
520 3539 630 3599 lustrat
651 3557 741 3615 equo.

64 3645 167 3719 thue
180 3659 275 3720 rapax
289 3645 452 3721 pecudem,
470 3663 586 3723 quaese
601 3662 664 3706 non
680 3646 755 3707 teuit
771 3646 853 3721 ovili,

109 3751 167 3811 Per
182 3759 258 3825 sata,
277 3766 335 3829 per
350 3751 461 3830 sylvas,
478 3752 599 3831 fertque
613 3752 767 3832 trahitque
787 3754 889 3834 lupus;
