2932 5002
508 387 628 447 ..51-

50 511 98 572 Au
111 510 193 572 lovis
207 512 286 584 haec,
303 511 377 588 dixi,
394 514 504 577 domus
521 517 582 578 esti
596 518 679 594 quod
695 529 729 578 ut
743 533 812 578 esse
824 527 977 595 putarem,

96 618 266 710 Augurium
280 619 375 682 menti
389 640 506 699 querna
521 641 637 686 corona
651 626 754 686 dabat.

55 722 152 800 Cujus
166 735 201 785 ut
214 726 321 804 accepi
335 728 505 790 dominum:
521 731 587 790 Nou
602 730 745 802 fallimur,
763 730 898 806 inquam:

97 829 135 890 m
149 829 251 907 magni
278 849 385 892 rerum
401 843 449 895 cst
465 835 544 895 hanc
558 834 640 895 lovis
655 851 723 895 esse
737 835 873 894 domum.

53 934 115 996 Cur
126 946 228 998 tamen
242 938 380 1016 adposita
393 943 510 1001 velatur
520 943 614 1018 junna
628 943 728 1013 lauro,

97 1040 195 1120 cingit
209 1053 241 1103 et
253 1054 397 1121 augustas
411 1047 504 1106 arbor
518 1061 615 1122 opaca
630 1045 729 1104 sores?

55 1145 103 1206 An
112 1147 182 1224 quia
195 1160 361 1226 perpetuos
374 1150 485 1210 meruit
498 1151 608 1211 domus
623 1149 681 1209 ista
695 1148 884 1224 triumphos?

99 1252 144 1312 Au
156 1253 226 1330 quia
241 1255 391 1317 Leucadio
403 1270 526 1331 semper
540 1263 641 1313 amata
655 1253 730 1313 deo?

54 1358 164 1435 ipsane
177 1361 260 1437 quod
272 1361 350 1421 festa
361 1371 418 1433 est,
433 1377 473 1421 an
487 1361 571 1437 quod
586 1359 658 1419 facit
673 1359 774 1419 omnia
792 1359 884 1420 festu?

100 1464 194 1535 Quam
208 1465 314 1526 tribuit
331 1465 430 1539 terris,
447 1466 533 1544 pacis
552 1483 592 1526 an
607 1465 666 1526 ista
680 1475 754 1525 uota
773 1465 837 1526 est?

58 1572 158 1649 thue
170 1573 247 1634 viret
263 1592 384 1652 semper
408 1576 524 1648 laurus,
542 1592 599 1636 uec
615 1575 725 1635 froude
741 1574 858 1635 caduca

101 1679 251 1758 Carpitur,
270 1690 420 1742 aeternum
433 1681 477 1742 sic
492 1683 585 1741 habet
601 1680 653 1740 illa
673 1681 783 1741 decus?

59 1787 217 1864 Causaque
230 1789 399 1867 suppositae
414 1789 531 1867 scripto
546 1799 658 1849 testata
672 1804 798 1848 coronae

102 1896 241 1955 Servatus
254 1895 335 1955 cives
348 1895 463 1955 indicat
476 1895 570 1969 hujus
584 1888 655 1971 ope.

64 2001 170 2078 AdJice
185 2001 311 2062 servatis
325 2018 432 2074 unum,
450 2011 538 2079 pater
552 2001 677 2078 optime,
694 2001 803 2073 civem,

105 2105 160 2176 Qui
175 2107 283 2182 procul
295 2116 433 2166 extremo
450 2107 559 2183 pulsus
576 2106 607 2165 in
623 2108 698 2166 orbe
716 2107 809 2183 jacea

62 2215 96 2273 ln
118 2228 179 2289 quo
198 2228 370 2289 poenarum,
390 2230 466 2290 quas
483 2230 516 2273 se
531 2213 679 2274 meruisse
694 2213 818 2286 fatetur,

105 2319 171 2378 Non
187 2317 303 2378 facinus
318 2335 452 2392 causam,
469 2319 524 2380 sed
539 2336 613 2379 suus
629 2336 717 2379 error
732 2320 833 2379 hahet.

64 2427 110 2486 Me
123 2424 280 2486 miserum!
296 2443 464 2502 vereorque
480 2428 594 2498 locum,
612 2443 805 2502 venerorque
825 2434 993 2502 potentem,

106 2531 143 2590 Et
159 2528 294 2607 quatitur
309 2528 428 2607 trepido
445 2529 545 2589 littera
561 2539 666 2589 nostra
684 2539 779 2588 metu.

66 2635 183 2714 Aspicis
198 2633 346 2711 exsangui
361 2634 498 2693 chartam
513 2634 629 2711 pallere
643 2634 764 2694 colore?

107 2739 224 2817 Aspicis
240 2739 374 2799 alternos
392 2737 587 2799 intremuisse
601 2739 711 2816 pedes?

67 2846 332 2924 Quandocumque,
353 2863 476 2923 precor,
493 2855 600 2908 nostro
615 2849 734 2925 placata
747 2849 881 2926 parenti,

110 2955 210 3016 isdem
230 2955 287 3015 sub
302 2953 432 3015 dominis
446 2954 595 3033 aspiciare
609 2956 732 3017 domus.

68 3065 141 3126 inde
159 3063 268 3124 timore
284 3063 350 3141 pari
366 3064 513 3141 gradibus
528 3065 668 3126 sublimia
683 3066 773 3127 celsis
819 3109 821 3113 ψ

109 3172 210 3233 Ducor
226 3171 265 3231 ad
281 3169 395 3231 intonsi
408 3171 539 3233 candida
550 3174 664 3249 templa
681 3173 743 3233 dei.

69 3278 160 3358 Signa
175 3276 344 3355 peregrinis
360 3275 413 3337 ubi
428 3287 500 3337 sunt
513 3278 631 3337 alterna
644 3278 797 3337 columnis

111 3383 240 3454 Belides,
258 3391 290 3442 et
307 3379 414 3440 stricto
431 3381 581 3440 barbarus
596 3396 669 3440 ense
687 3391 786 3457 pater:

70 3492 204 3564 Quaeque
216 3486 272 3546 viri
291 3487 384 3546 docto
397 3494 517 3546 ueteres
532 3502 643 3562 cepere
657 3485 789 3562 novique

112 3596 251 3664 Pectore,
267 3589 394 3652 lecturis
410 3588 600 3666 inspicienda
613 3601 734 3667 patent.

74 3699 253 3772 Quaerebam
266 3697 390 3771 iratres,
408 3693 545 3773 exceptis
561 3693 680 3756 scilicet
695 3694 766 3768 iliis,
