2932 5002
711 395 831 452 ..qq-

297 528 376 587 Fons
390 525 585 586 infoecundus
599 540 755 602 parvaque
771 540 847 583 rena
862 524 930 584 tuit.

256 632 314 692 Sed
328 647 531 708 quaecumque
546 630 612 702 fuit,
628 631 714 691 nulio
730 640 894 690 exercente
909 629 1032 709 refugit,

294 741 332 799 Et
345 740 439 818 longo
455 738 545 817 periit
559 739 645 800 arida
656 739 736 800 sacta
751 738 825 799 situ.

253 845 318 905 Non
330 844 380 905 hie
395 845 557 917 librorum,
573 862 630 922 per
645 862 724 920 quos
740 843 853 904 inviter
867 845 1007 921 alarquo,

295 950 399 1029 Copia.
417 953 475 1013 Pro
489 951 576 1012 libris
590 966 682 1011 arcus
698 962 729 1010 et
743 966 829 1010 arma
845 961 970 1011 sonant.

253 1058 359 1118 Nullus
373 1057 404 1117 in
419 1059 477 1119 hac
493 1068 584 1131 terra,
601 1056 729 1119 recitem
743 1057 769 1118 si
783 1057 929 1130 carmina,
946 1059 1038 1135 cujus

297 1163 500 1225 intellecturis
513 1165 639 1226 auribus
652 1176 732 1238 utar,
750 1165 848 1243 adest.

254 1270 314 1332 Nec
329 1289 391 1348 quo
406 1272 549 1333 secedam
563 1272 651 1334 locus
666 1282 724 1333 est.
741 1271 886 1333 Custodia
897 1272 978 1332 muri

295 1379 461 1440 Submoret
474 1379 602 1440 infestos
618 1380 784 1455 clausaque
801 1389 891 1456 porta
905 1378 1006 1440 Getas.

254 1487 341 1563 Saepe
352 1486 474 1564 aliquod
488 1489 616 1547 verbum
631 1504 749 1564 quaero,
766 1504 942 1564 nomenque
956 1487 1133 1566 locumque:

295 1595 354 1655 Nec
369 1595 529 1673 quisquam
544 1606 591 1656 est
605 1613 622 1656 a
637 1614 699 1673 quo
714 1597 828 1657 certior
843 1615 912 1657 esse
926 1613 1046 1673 queam.

254 1703 360 1765 Dicere
375 1721 457 1782 saepe
470 1705 586 1782 aliquid
600 1706 736 1777 conanti,
754 1717 843 1782 turpe
863 1705 964 1777 fateri,

296 1813 394 1872 Verba
408 1811 480 1871 mihi
494 1813 616 1883 desunt3
633 1811 827 1887 dedidicique
841 1812 940 1887 loqui.

254 1916 391 1978 Threicio
406 1916 608 1995 Scythicoque
623 1917 687 1977 sero
702 1916 916 1977 circumsonor
931 1935 998 1990 ore,

296 2027 332 2086 lit
346 2026 452 2087 videor
467 2025 579 2086 Geticis
594 2026 732 2086 scribere
746 2044 840 2103 posse
854 2026 964 2087 modis.

258 2132 353 2191 Crede
368 2131 451 2204 mihi,
468 2132 560 2192 timeo
575 2150 614 2193 ne
629 2133 690 2193 sint
705 2133 836 2194 immista
852 2132 975 2205 Latinis,

297 2240 390 2315 inque
404 2238 479 2299 meis
494 2239 617 2317 scriptis
631 2241 755 2300 Pontica
771 2243 862 2301 rerba
878 2241 975 2319 legas.

254 2346 510 2425 Qualemcumque
523 2346 627 2425 igitur,
643 2347 730 2407 venia
745 2347 871 2425 dignare
885 2348 1033 2420 libellum,

298 2456 394 2518 Sortis
409 2468 438 2518 et
454 2474 568 2518 excusa
583 2457 759 2520 conditione
773 2474 861 2518 meae.
