2932 5002
703 355 823 416 ...22-

251 487 322 557 Quae
336 485 456 562 quoties
469 496 601 563 spectas,
618 488 725 548 subeat
738 486 793 549 tibi
807 489 908 549 dicere
921 489 1036 562 forsan,

290 592 385 663 Quam
398 592 507 669 procul
521 609 539 652 a
553 591 642 652 nobis
656 591 735 652 Naso
749 593 863 655 sodalis
877 594 975 654 abest!

251 702 340 761 Grata
353 711 405 760 tua
418 709 466 762 est
479 699 586 778 pietas:
603 701 658 761 sed
672 701 807 762 carmina
821 703 920 779 major
933 702 1034 780 imago

292 810 368 869 Sunt
381 825 459 882 mea;
476 826 545 887 quae
559 811 671 870 manda
685 810 916 887 qualiacumque
930 812 1025 889 legas:

251 915 388 976 Carmina
402 925 532 977 mutatas
546 914 703 976 hominum
718 915 849 976 dicentia
863 915 988 995 formas,

291 1021 397 1083 Infelix
411 1021 525 1083 damini
540 1022 623 1099 quod
636 1022 707 1100 luga
725 1020 808 1100 rupit
820 1039 909 1100 opus.

248 1128 319 1188 llaec
332 1144 390 1206 ego
405 1127 577 1199 discedens,
594 1127 673 1189 sieut
686 1129 766 1188 bene
780 1129 874 1189 multa
888 1145 1039 1202 meorum,

290 1238 358 1315 lpse
372 1253 439 1298 mea
453 1237 542 1315 posui
556 1248 685 1299 moestus
699 1236 730 1296 in
744 1237 815 1316 igue
831 1253 934 1311 manu3

250 1342 348 1419 thue
362 1359 515 1404 cremasse
530 1359 618 1403 suum
634 1342 731 1403 lertur
746 1343 804 1403 sub
819 1342 923 1421 stipite
937 1354 1043 1404 natum

290 1448 438 1521 Thestias,
454 1457 486 1508 et
499 1447 606 1509 melier
620 1459 717 1510 matre
731 1447 825 1510 luisse
841 1466 942 1522 s0r0r3

249 1555 297 1616 Sic
307 1573 365 1633 ego
380 1573 443 1616 nun
457 1555 582 1617 meritos
596 1572 717 1618 mecum
731 1555 868 1634 peritura
882 1556 1003 1617 libellos

289 1660 423 1738 Impesui
436 1660 549 1740 rapidis
562 1661 680 1722 viscera
694 1673 798 1723 nostra
812 1661 908 1740 rugis:

249 1767 302 1828 Vel
315 1769 399 1846 quud
412 1784 496 1829 eram
509 1768 621 1840 Musas,
630 1779 671 1829 ¹ut
681 1767 809 1829 crimina
822 1778 941 1840 nostra,
957 1784 1099 1847 perosum

288 1877 342 1938 Vel
356 1879 440 1955 qued
453 1879 553 1939 adhuc
568 1895 722 1951 crescens,
739 1888 770 1939 et
784 1879 861 1940 rude
875 1894 1000 1939 carmen
1018 1888 1099 1948 eret,

249 1986 322 2056 Quae
336 1985 479 2062 quoniam
493 2003 556 2045 nun
570 1995 642 2047 sunt
654 1985 777 2064 penitus
792 1985 921 2057 sublata,
938 1985 993 2044 sed
1007 1993 1140 2055 exstant,

291 2093 450 2170 (Pluribus
464 2093 611 2171 exemplis
625 2093 739 2171 scripta
752 2093 846 2154 luisse
860 2093 953 2168 reor);

248 2200 334 2260 Nunc
347 2216 460 2278 precor
473 2209 507 2260 ut
520 2198 632 2271 vivant,
649 2209 680 2258 et
694 2215 756 2257 nun
771 2198 878 2276 ignava
892 2199 1046 2276 legentem

290 2305 355 2366 Otia
369 2306 536 2378 delectent,
552 2304 799 2381 admoneantque
812 2303 882 2364 mei.

249 2413 310 2473 Nec
323 2422 426 2474 tamen
439 2411 490 2472 illa
502 2410 563 2490 legi
577 2421 725 2490 poterunt
737 2408 889 2488 patienter
901 2412 940 2471 ab
955 2412 1030 2482 ullc,

290 2518 410 2581 Nesciat
423 2519 470 2580 his
484 2534 634 2580 summam
648 2518 674 2579 si
693 2515 761 2595 quis
776 2518 884 2579 abesse
898 2532 1033 2576 manum.

250 2625 390 2687 ablatum
404 2624 510 2686 mediis
525 2641 603 2701 opus
616 2635 663 2685 est
678 2621 843 2684 incudibus
858 2621 944 2692 illud;

290 2729 389 2790 Defuit
403 2740 434 2790 et
448 2728 570 2806 scriptis
583 2728 692 2788 ultima
705 2727 777 2786 lima
791 2725 878 2786 meis.

249 2841 286 2900 Et
299 2838 417 2899 veniam
431 2854 489 2914 pre
502 2836 593 2897 laude
608 2846 691 2914 peto:
707 2835 848 2896 laudatus
863 2836 997 2910 abuudss

290 2942 356 3002 Non
371 2941 521 3003 fastiditus
536 2940 561 3002 sl
577 2940 640 3014 tibi,
657 2942 768 3014 lector,
785 2958 850 3002 erc.

250 3053 311 3112 llos
325 3068 448 3129 quoque
461 3066 517 3111 sex
529 3067 647 3122 versus,
664 3050 694 3109 in
709 3047 800 3127 primi
814 3049 916 3110 fronte
930 3049 1025 3110 libelli

291 3158 322 3222 Si
335 3159 561 3239 praeponendos
576 3175 643 3220 esse
657 3157 790 3236 putabis,
808 3158 899 3218 habe:

250 3270 325 3330 Orba
338 3277 465 3347 parente
479 3284 536 3329 suc
551 3267 735 3344 quicumque
749 3265 903 3326 volumina
915 3266 1025 3345 tangis,

291 3373 341 3436 llis
355 3376 463 3435 saltem
477 3383 577 3435 vestra
591 3374 682 3434 detur
696 3372 726 3431 in
741 3373 818 3433 urbe
833 3372 930 3432 locus.

252 3482 377 3558 Quoque
391 3479 487 3558 magis
501 3479 612 3552 fureas,
629 3496 691 3538 nen
706 3479 773 3539 lraec
789 3486 861 3538 sunt
876 3476 957 3538 edita
971 3479 1009 3537 ab
1024 3477 1106 3555 ipsu,

291 3588 351 3647 Sed
365 3587 451 3664 quasi
466 3589 504 3648 de
519 3586 633 3648 domiui
647 3585 755 3646 iuuere
771 3596 858 3663 rapta
875 3584 935 3645 sui:

251 3694 400 3776 Quidquid
415 3695 445 3754 in
460 3695 509 3756 bis
524 3695 616 3773 igitur
630 3694 692 3755 uitii
707 3697 784 3756 rude
798 3711 923 3755 carmen
938 3692 1073 3766 habebit,
