2932 5002
272 807 523 1088 carr
584 808 923 1062 raldus,

390 1278 812 1308 -ῃ-ΰῦωῢ--α

487 1578 669 1632 EIAEGIA
683 1580 717 1631 1.

85 1902 188 1971 Parve,
206 1902 273 1976 (nce
287 1901 417 1977 invideo)
433 1904 497 1962 sine
513 1920 572 1974 mc,
590 1903 678 1973 liber,
695 1902 752 1960 ibis
767 1903 798 1961 in
813 1903 935 1961 urbem:

128 2004 180 2065 llei
195 2004 278 2064 mihi!
295 2024 357 2082 quc
372 1991 574 2095 dominelncn
589 2006 660 2066 licet
676 2006 720 2066 irc
736 2017 798 2066 tuo.

84 2113 176 2182 Vade,
190 2113 245 2170 scd
260 2111 405 2183 incultus,
427 2112 548 2187 qualem
561 2113 652 2172 dccet
666 2111 780 2173 exsulis
796 2129 874 2172 csse:

126 2219 232 2280 Infelix
246 2220 382 2281 habitum
401 2221 549 2300 temporis
564 2222 655 2298 hujus
671 2223 758 2282 habe.

85 2328 145 2388 Nec
162 2338 192 2388 te
206 2346 363 2406 purpureo
379 2331 479 2390 velent
493 2329 628 2390 vaccinia
644 2347 748 2390 succo:

126 2438 191 2496 Non
206 2448 254 2498 est
269 2439 454 2499 conveniens
469 2440 603 2500 luctibus
617 2440 668 2500 ille
679 2442 776 2500 celer.

85 2548 145 2606 Nec
160 2546 265 2607 titulus
279 2547 384 2620 minio,
401 2566 459 2609 nec
474 2550 568 2610 cedro
584 2551 689 2610 charta
703 2560 837 2618 nocetum

126 2650 259 2710 Candida
269 2669 326 2710 nec
341 2652 428 2728 nigra
444 2671 560 2711 cernua
574 2655 676 2711 fronte
690 2667 790 2728 geras,

84 2757 199 2817 Felices
213 2767 325 2816 ornent
339 2757 406 2816 haec
423 2756 626 2817 instrumenta
641 2755 771 2818 libellos:
833 2792 835 2796 ,

124 2864 266 2923 Fortunae
283 2879 451 2923 memorem
466 2874 496 2923 te
511 2863 600 2923 decet
614 2879 682 2923 esse
696 2880 783 2923 meae.

86 2971 146 3030 Nec
160 2968 258 3046 fragili
272 2968 402 3046 geminae
416 2967 570 3046 poliantur
584 2968 705 3046 pumice
720 2969 847 3039 frontes

128 3075 269 3135 Hirsutus
284 3074 397 3152 sparsis
412 3085 447 3134 ut
460 3075 582 3136 videare
599 3074 705 3135 comis¹

88 3183 166 3242 Neve
180 3181 340 3241 liturarum
354 3181 478 3258 pudeat:
489 3180 543 3257 >qui
555 3181 662 3242 viderit
676 3181 753 3252 illas,

130 3292 172 3349 De
186 3289 328 3366 lacrymis
350 3290 444 3351 lactas
457 3290 567 3351 sentiet
580 3307 648 3350 esse
659 3290 751 3349 meisi

91 3393 183 3464 Vade,
207 3393 295 3464 liber,
313 3393 474 3469 verbisque
489 3395 564 3454 meis
574 3396 736 3471 lecagrata
752 3396 858 3454 saluta.

132 3499 311 3577 Gentingam
325 3509 408 3560 certe
423 3517 484 3576 quo
498 3499 569 3561 licet
579 3501 629 3561 illa
643 3503 732 3578 pede.

91 3607 122 3666 Si
137 3606 217 3683 quis,
232 3615 266 3664 ut
276 3604 307 3664 in
317 3607 445 3683 populo,
461 3607 558 3666 nestri
572 3623 634 3666 nen
644 3607 804 3666 immemor
819 3607 889 3678 illic,

133 3712 164 3776 Si
179 3713 257 3790 quis,
272 3714 324 3790 qui
339 3713 411 3790 quid
425 3730 513 3791 agam
528 3714 607 3773 forle
621 3714 767 3790 requirat,
781 3714 849 3783 crit;
891 3796 895 3800 ⁸
