2932 5002
718 391 837 448 -902-

551 639 735 696 nnuma
757 639 849 693 vu.

262 851 311 912 ms
325 868 374 910 me
388 852 434 912 sol
448 849 521 911 adiit
535 850 644 928 gelidae
658 860 729 928 post
742 848 855 927 frigora
877 850 1009 919 brumae,

302 960 412 1037 Bisque
426 977 515 1021 suum
530 970 612 1020 tacto
626 959 712 1020 Pisce
725 958 846 1036 peregit
861 957 935 1018 iter.

263 1068 412 1144 Tempore
427 1075 488 1127 tam
501 1067 596 1144 longo
607 1082 663 1125 cur
680 1082 742 1124 non
761 1075 812 1125 tua
826 1065 964 1132 dextera,
981 1080 1089 1123 versus

302 1171 473 1244 Quamlibet
488 1173 518 1232 in
537 1188 654 1250 paucos
674 1171 815 1232 officiosa
831 1170 902 1231 suit?

262 1280 321 1340 Cur
335 1290 387 1340 tua
400 1278 529 1340 cessavit
542 1278 650 1356 pietas,
673 1277 879 1339 scribentibus
895 1278 955 1337 illis

302 1387 436 1465 Exiguus
450 1385 539 1448 nobis
554 1403 625 1446 cum
640 1385 752 1463 quibus
766 1402 841 1447 usus
856 1386 939 1446 erat‘?

263 1494 333 1565 Cur,
350 1492 470 1569 quoties
487 1492 577 1556 alicui
591 1511 646 1554 sua
663 1494 779 1553 chartae
791 1492 911 1552 vincula
926 1491 1039 1563 derasi,

306 1600 389 1660 illam
401 1599 518 1676 speravi
534 1616 647 1659 nomen
662 1601 775 1659 babere
790 1599 891 1659 tuum?

263 1707 297 1768 bt
310 1707 420 1768 faciant
436 1718 469 1769 ut
478 1724 561 1784 saepe
576 1717 627 1767 tua
643 1706 683 1768 sit
698 1706 827 1784 epistola
845 1708 954 1768 dextra

303 1814 432 1892 Scripta,
449 1815 535 1876 sede
552 1813 655 1874 multis
672 1813 790 1874 reddita
808 1814 890 1873 nulla
906 1813 990 1873 mibi.

264 1921 350 1992 Quod
363 1939 486 2000 precor,
502 1939 570 1984 esse
582 1921 687 1999 liquet:
703 1922 831 1983 Credam
845 1921 931 1999 prius
951 1938 1005 1981 ora
1020 1922 1159 1983 Medusae

305 2028 454 2105 Gorgonis
470 2028 629 2107 anguineis
645 2028 745 2089 cincta
759 2028 852 2089 fuisse
867 2027 975 2089 comis:
1039 2064 1042 2069 -

264 2135 338 2195 Esse
354 2151 446 2194 canes
460 2145 549 2194 utero
564 2135 621 2195 sub
634 2134 774 2212 Virginis:
792 2152 859 2195 esse
876 2135 1070 2207 Chimaeram,

307 2240 332 2298 Α
345 2249 433 2299 truce
445 2255 515 2315 quae
526 2239 654 2299 dammis
676 2249 797 2316 separet
812 2257 912 2316 angue
927 2241 1017 2301 leam:

265 2347 542 2424 Quadrupedesque
558 2345 716 2406 bominum
731 2363 801 2407 cum
816 2358 943 2424 pectore
958 2358 1083 2426 pectora
1092 2348 1232 2423 junctos,

308 2454 583 2531 Tergeminumque
595 2453 704 2525 virum,
724 2454 988 2532 tergeminumque
1003 2471 1121 2515 canem:

267 2563 471 2642 Sphingaque,
488 2574 520 2625 et
533 2562 689 2642 Harpyias,
711 2563 1005 2642 serpentipedesque
1024 2565 1177 2644 Gigantas

309 2672 580 2750 Centimanumque
594 2674 709 2753 Gygen,
728 2674 976 2751 semibovemque
990 2675 1100 2748 virum;

268 2780 328 2839 Hec
345 2795 403 2856 ego
418 2790 529 2841 cuncta
542 2780 639 2858 prius,
657 2796 748 2856 quam
770 2791 810 2852 te,
827 2780 995 2854 carissime,
1012 2785 1137 2844 credam

307 2885 455 2945 Mutatum
470 2902 577 2947 caram
592 2885 774 2962 deposuisse
794 2886 863 2946 mei.

268 2991 422 3051 innumeri
440 3004 561 3053 montes
576 2991 655 3051 inter
671 3009 719 3052 me
735 3005 837 3070 teque,
854 2994 985 3072 viteque,

307 3102 517 3179 Fluminaque,
533 3113 564 3165 ot
578 3103 689 3181 campi,
706 3121 763 3165 nec
777 3106 855 3167 freta
869 3124 967 3183 pauca
978 3109 1093 3184 jacent.

266 3208 346 3270 Mille
360 3220 463 3288 potest
477 3209 589 3284 causis,
606 3228 624 3273 a
642 3221 672 3272 te
689 3229 758 3288 quae
773 3213 874 3275 littera
889 3231 972 3292 saepe

307 3318 396 3379 Missa
409 3317 493 3390 sitin
506 3330 629 3381 nostras
644 3322 727 3382 nulia
742 3322 846 3383 venire
861 3339 979 3408 manus.

267 3424 346 3485 Mille
358 3435 458 3486 tamen
474 3443 582 3488 causas
597 3426 761 3488 scribendo
776 3429 863 3489 vince
879 3430 1064 3493 srecuenter:

310 3533 460 3594 Excusem
474 3552 513 3597 ne
523 3546 553 3598 te
567 3553 699 3614 seraper,
718 3537 826 3610 amice,
839 3537 921 3601 mibi.
