2932 5002
720 409 838 467 ..53-

304 537 340 596 Et
355 554 387 596 se
401 537 557 595 materiam
570 537 711 596 carminis
731 555 799 598 esse
806 540 903 613 juvat:

259 646 394 721 Cumque
409 645 545 722 Gigantei
562 656 771 704 memorantur
786 646 893 722 praelia
910 646 992 717 belli,

303 754 451 813 Credibile
465 765 511 813 est
530 755 633 812 laetum
649 754 789 814 laudibus
805 772 874 815 esse
888 756 961 815 suis.

259 863 300 917 Te
316 861 472 920 celebrant
482 860 662 936 aliisquanto
678 862 766 921 decet
782 879 847 933 ore,
861 873 992 938 tuasque

304 969 427 1046 iugenio
442 970 548 1029 laudes
558 970 701 1030 uberiore
716 983 839 1031 canunt.

259 1076 319 1137 Sed
330 1086 442 1146 tamen,
458 1088 492 1136 ut
502 1076 570 1136 suso
584 1087 743 1136 taurorum
758 1077 908 1155 sanguine
924 1090 1061 1148 centum,

302 1184 349 1244 Sic
364 1185 485 1262 capitur
499 1185 624 1246 minimo
641 1186 737 1246 tuuris
752 1187 870 1246 bonore
885 1187 974 1246 deus.

262 1290 317 1360 ab,
330 1291 424 1363 seruS,
441 1302 471 1350 et
489 1290 578 1350 nobis
594 1290 719 1350 nimium
731 1289 897 1350 crudeliter
907 1291 1016 1360 hostis,

303 1401 428 1461 Delicias
440 1401 512 1478 legit
527 1400 579 1477 qui
598 1401 651 1462 tibi
670 1417 802 1477 cumque
818 1402 913 1460 meas!

261 1509 398 1569 Carmina
416 1527 454 1569 ue
469 1510 582 1570 nostris
597 1510 640 1570 sic
652 1521 681 1570 te
695 1509 871 1571 venerantia
883 1509 971 1568 libris

302 1616 418 1694 Iudicio
432 1628 558 1695 possent
572 1618 748 1679 candidiore
778 1617 848 1695 legi.

262 1725 335 1784 Esse
350 1725 403 1784 sed
414 1723 491 1785 irato
507 1725 575 1802 quis
586 1735 616 1786 te
627 1726 700 1786 mibi
717 1736 822 1804 posset
837 1725 970 1784 amicus?

307 1829 362 1889 Vix
377 1841 450 1890 tunc
460 1830 526 1908 ipse
544 1831 616 1890 mihi
632 1847 694 1891 non
711 1830 851 1891 inimicus
866 1847 957 1890 emm.

261 1937 336 1997 Cum
355 1937 450 2015 coepit
464 1949 607 2015 quassata
621 1939 730 1999 domus
744 1939 914 2013 subsidere,
930 1950 1034 2018 partes

303 2045 336 2102 ln
347 2043 533 2119 proclinatas
548 2060 639 2104 omne
649 2044 800 2105 recumbit
811 2062 900 2106 onus:
1059 2044 1062 2050 ’

259 2151 437 2227 Cunctaque
447 2149 569 2211 fortuna
585 2150 692 2211 rimam
707 2150 837 2213 iaciente
848 2152 1023 2223 dehiscunt;

304 2257 371 2332 lpsa
386 2272 442 2316 suo
453 2257 594 2333 quaedam
611 2257 749 2334 pondere
763 2267 861 2318 tracta
875 2267 978 2318 ruunt.
1068 2254 1069 2259 ’

261 2363 340 2439 Ergo
356 2362 513 2423 bominum
524 2361 686 2439 quaesitum
698 2362 801 2423 odium
816 2362 889 2423 mibi
903 2363 1048 2423 carmine:
1065 2377 1185 2438 quaque

279 2534 284 2548 ⁸
301 2469 420 2540 liebuit,
436 2479 483 2529 est
498 2470 600 2529 vultus
610 2469 700 2529 turba
715 2480 820 2530 secuta
834 2480 915 2530 tuos.

260 2574 308 2645 lt,
326 2573 459 2644 memini,
483 2573 636 2649 vitamque
650 2589 761 2646 meam,
780 2585 943 2650 moresque
956 2574 1110 2650 probabas

303 2679 358 2738 lllo
377 2693 467 2754 quem
479 2678 608 2738 dederas
623 2677 837 2755 praetereuntis
852 2695 942 2755 equo.

260 2785 346 2856 Quod
361 2784 384 2845 si
399 2801 461 2844 non
478 2786 615 2863 prodest,
634 2795 665 2846 et
679 2785 798 2846 honesti
809 2785 906 2864 gloria
920 2787 1003 2846 nulla

300 2893 458 2967 Redditur,
475 2904 506 2954 at
517 2894 634 2954 nullum
646 2895 762 2955 crimen
772 2895 902 2972 adeptus
916 2910 1011 2955 eram.

260 3001 319 3062 Nec
335 3002 591 3063 malecommissa
606 3011 653 3062 est
665 3001 754 3062 nobis
769 3001 891 3062 fortuna
901 3019 1036 3072 reorum,

300 3109 410 3186 Lisque
426 3111 533 3171 decem
544 3110 645 3171 decies
656 3109 843 3186 inspicienda
865 3109 947 3169 viris.

260 3216 318 3275 lies
336 3231 459 3292 qnoque
474 3215 606 3292 privatas
618 3215 709 3275 statui
728 3215 793 3274 sine
808 3214 934 3274 crimine
946 3215 1054 3289 judex:

300 3319 403 3393 Deque
414 3335 481 3378 mea
495 3319 576 3378 fassa
591 3330 639 3379 est
654 3334 725 3395 pars
741 3335 863 3394 quoque
878 3318 957 3378 victa
967 3318 1037 3378 fide.

260 3427 306 3486 lle
322 3423 479 3485 miserum!
496 3424 593 3499 potui,
611 3425 636 3483 si
649 3441 711 3482 nou
726 3434 862 3483 extrema
877 3433 1035 3491 nocerent,

302 3530 428 3591 Iudicio
439 3539 523 3589 tutus
535 3545 596 3588 non
612 3530 705 3588 semel
717 3544 784 3587 esse
793 3538 856 3588 tuo.

259 3638 367 3705 Ultima
381 3654 429 3697 me
443 3639 587 3713 perdunt:
602 3636 724 3712 imoque
739 3637 795 3696 sub
810 3653 934 3712 aequore
955 3634 1063 3712 mergit

303 3747 489 3811 incolumem
506 3745 666 3805 totiesuna
683 3744 818 3823 procella
832 3753 938 3805 ratem.
