2932 5002
718 383 838 442 -13-

257 521 287 581 Si
302 520 358 580 luit
373 515 422 579 laic
437 517 557 579 animus
572 517 674 588 nobis,
692 517 732 578 ita
747 517 876 594 parcite,
894 512 964 589 divi;

299 629 349 689 Sin
365 628 477 699 minus,
494 627 553 687 alta
568 628 681 687 cadens
696 627 806 688 obruat
821 628 903 688 urrda
917 637 1020 705 eaput.

258 736 373 794 Fallor‘l
387 751 425 794 an
440 732 587 810 incipiunt
601 733 735 810 gravidae
750 750 915 793 vanescere
931 735 1040 804 nubes,

301 843 445 920 Victaque
460 842 566 902 rnutati
580 841 731 919 frangitur
746 841 789 902 ira
805 841 912 901 maris?

259 955 325 1012 Non
341 971 440 1023 casus
458 953 511 1013 sed
526 969 579 1011 vos
595 953 652 1011 sub
667 952 843 1012 conditione
859 952 971 1024 uocati,

302 1063 416 1121 Fallere
431 1079 508 1137 quos
523 1079 584 1120 non
600 1071 657 1133 est,
674 1063 753 1120 hane
769 1060 840 1120 rnilai
856 1061 942 1120 fertis
958 1078 1059 1138 opern.

611 1277 793 1335 Elimeam
813 1280 892 1334 ΙΙΙ.

261 1493 335 1550 Curn
351 1492 432 1552 subit
445 1492 525 1551 illius
541 1491 711 1553 tristissima
738 1492 838 1552 noctis
853 1493 965 1570 imago,

302 1600 374 1669 Quae
388 1600 460 1660 mibi
475 1615 653 1676 supremum
667 1610 788 1676 tempus
803 1599 834 1658 ia
849 1601 925 1660 urbe
940 1599 1007 1670 luit;

263 1713 338 1770 Cum
353 1717 460 1784 repeto
474 1718 608 1781 nectent,
625 1725 684 1785 qua
699 1718 745 1768 tot
759 1706 831 1767 mihi
847 1725 917 1768 cara
932 1708 1052 1785 reliqui,

306 1815 427 1876 Labitur
442 1833 481 1875 ex
495 1815 592 1875 oculis
607 1832 689 1876 nunc
705 1832 828 1892 quoque
843 1826 928 1892 gutta
944 1815 1031 1874 meis

269 1927 335 1984 larn
349 1941 447 2001 prope
461 1925 515 1982 lux
529 1925 644 1994 aderat,
662 1940 722 1998 qua
736 1940 785 1982 nte
801 1923 959 1983 discedere
973 1923 1074 1982 Caesar

310 2031 433 2091 linibus
447 2041 593 2090 extremae
604 2031 739 2107 Jusserat
753 2029 907 2090 Ausoniae.

265 2140 326 2200 Nee
341 2156 428 2199 mens
443 2157 500 2200 nee
515 2139 647 2217 spatium
662 2140 761 2199 luerat
776 2140 849 2200 satis
864 2148 933 2216 apta
948 2138 1077 2216 paranti:

307 2249 498 2324 Torpuerant
514 2247 605 2324 longa
620 2259 746 2324 pectora
761 2259 867 2308 nostra
882 2265 979 2307 rnora.

264 2357 328 2417 Non
344 2356 416 2416 mihi
430 2375 601 2430 serverum,
619 2358 747 2419 comites
763 2376 825 2417 non
840 2374 915 2418 cura
928 2359 1061 2435 legendi:

306 2465 371 2525 Non
386 2474 465 2542 aptae
479 2464 612 2542 profugo
626 2465 720 2526 restis
735 2465 841 2544 opisve
855 2465 920 2525 fuit.

265 2571 330 2631 Non
345 2571 432 2631 aliter
447 2571 560 2647 stupui,
579 2587 670 2646 quarn
686 2571 738 2646 qui
752 2570 832 2630 lovis
848 2570 969 2646 ignibus
984 2569 1074 2638 ictuc,

308 2678 394 2750 vivit,
412 2689 442 2739 et
457 2687 503 2738 est
517 2677 586 2737 vitae
601 2677 723 2736 nescius
738 2676 804 2754 ipse
819 2694 892 2737 suae.

265 2790 302 2848 Ut
317 2797 418 2848 tamen
433 2789 512 2847 bane
527 2785 629 2846 animo
644 2784 757 2846 nubem
773 2786 861 2846 dolor
876 2785 941 2864 ipse
956 2787 1095 2858 removit,

308 2896 344 2954 llt
359 2895 481 2954 tandem
497 2911 606 2954 sensus
621 2894 804 2954 convaluere
818 2894 889 2966 naei3

266 3001 413 3077 Alloquor
427 3011 598 3061 extremum
613 3012 742 3062 moestos
757 3001 895 3062 abiturus
910 3002 1035 3074 arnicas,

304 3107 359 3178 Qui
373 3109 465 3168 modo
480 3109 518 3168 de
532 3107 636 3167 multis
651 3126 731 3168 unus
746 3118 777 3167 et
791 3111 869 3168 alter
883 3120 981 3169 erant.

266 3214 351 3273 Uxor
365 3229 471 3274 amans
486 3215 610 3274 flentem
625 3215 701 3274 llens
716 3212 819 3274 acrius
834 3214 899 3291 ipsa
913 3215 1047 3284 tenebat,

305 3321 404 3378 lmbre
420 3337 475 3396 per
490 3321 631 3398 indignas
646 3338 744 3398 usque
759 3322 890 3380 cadente
904 3337 1011 3397 genas.

267 3431 341 3490 Nata
355 3430 464 3507 procul
480 3429 597 3507 libycis
612 3431 717 3489 aberat
731 3429 850 3489 diversa
878 3430 935 3489 sub
952 3429 1025 3500 oris,

306 3537 366 3595 Nec
381 3545 503 3613 poterat
518 3535 571 3595 fati
586 3536 699 3595 certior
715 3552 783 3595 esse
799 3535 867 3595 mei.

266 3645 464 3719 Quocumque
478 3642 665 3720 adspiceres
683 3643 785 3701 luctus
800 3641 992 3719 gemitusque
1009 3643 1168 3704 sonabant:

306 3753 478 3829 Fornraque
493 3769 556 3812 non
573 3749 655 3812 taciti
670 3749 788 3810 funeris
803 3749 885 3811 intus
901 3762 975 3811 erat.

1173 3841 1196 3904 :l
