2932 5002
512 384 633 442 ..pp-

54 510 117 581 Qua
131 519 220 586 potes
236 525 360 580 excusa,
378 526 435 570 neo
450 512 539 571 amici
553 513 661 573 desere
676 531 810 576 causam:

95 617 160 686 Quo
175 617 253 694 pede
271 617 402 694 coeplstl,
420 618 463 678 sle
478 619 557 681 bene
571 637 693 698 semper
706 639 767 682 eas.

380 833 560 889 annau
579 837 650 905 aar.

54 1044 107 1103 Est
121 1041 205 1114 mihi,
221 1041 320 1118 sitque
333 1057 453 1118 precor,
468 1042 553 1102 ssavae
567 1044 662 1103 tutela
676 1044 817 1104 Minervae

96 1149 195 1221 Navis,
211 1159 242 1210 et
254 1165 272 1210 a
286 1149 368 1227 picta
381 1149 499 1210 casside
513 1167 626 1210 nomen
645 1151 749 1212 hahet.

56 1255 123 1315 Sive
137 1271 215 1332 opus
229 1265 277 1316 est
290 1254 375 1327 velis,
391 1254 545 1316 minimam
559 1256 638 1315 bene
653 1255 750 1317 currit
765 1257 804 1316 ad
818 1273 938 1317 auram:

98 1362 164 1422 Sive
178 1378 257 1439 opus
271 1372 319 1423 cst
332 1378 429 1434 remo,
446 1362 560 1440 remige
577 1362 676 1439 carpit
689 1362 758 1424 iter.

56 1469 117 1529 Nec
130 1468 258 1530 comites
271 1468 387 1529 volucrl
402 1478 544 1530 contenta
558 1479 607 1530 est
618 1469 741 1530 vincere
755 1487 860 1531 cursu:

98 1575 233 1653 Occupat
249 1592 387 1654 egressas
401 1575 567 1653 quamlibet
581 1587 651 1639 ante
666 1587 758 1638 rates.

57 1683 95 1743 Bt
107 1682 222 1760 patitur
235 1683 357 1755 lluctus,
372 1681 492 1759 fertque
504 1681 673 1743 adsilientia
687 1684 779 1760 longe

101 1791 245 1868 AEquora,
261 1807 318 1850 uec
333 1791 420 1851 saevis
434 1790 513 1852 ricta
527 1790 673 1851 madescit
687 1792 785 1867 aquis.

59 1897 112 1956 llla
125 1895 323 1957 Corinthiacis
337 1894 470 1973 primum
484 1894 556 1954 mihi
570 1893 693 1972 cognita
707 1895 854 1955 cenchris

101 2001 173 2061 Fida
189 2010 292 2061 maaet
312 1998 440 2077 trepidae
454 2000 578 2075 duxque
591 2014 759 2076 comesque
773 1999 866 2077 fugae.

60 2112 179 2187 Perque
191 2118 238 2169 tot
251 2117 389 2180 eventus,
405 2117 436 2169 et
450 2105 560 2183 iniquis
575 2105 696 2168 concita
709 2107 810 2169 ventis

104 2217 248 2294 AEquora,
264 2215 396 2278 Palladio
411 2215 535 2276 numine
549 2225 614 2277 tuta
628 2215 694 2276 suit.

62 2327 147 2386 Nunc
161 2341 284 2403 quoque
298 2335 374 2397 tuta,
389 2340 512 2402 precor,
529 2323 605 2385 vasti
620 2334 705 2385 secet
721 2326 801 2385 ostia
816 2328 915 2398 Ponti,

105 2433 245 2510 Quasque
258 2432 346 2510 petit,
364 2431 457 2492 Getici
470 2429 583 2493 littoris
597 2432 690 2492 latret
704 2438 810 2509 aquas.

64 2541 138 2609 Quae
152 2539 241 2600 simul
255 2537 362 2599 AEoliae
375 2553 460 2597 mare
473 2553 522 2596 me
538 2535 664 2596 deduxit
678 2536 709 2594 ln
723 2536 834 2608 Helles,

105 2647 142 2706 Et
155 2646 282 2722 longum
296 2642 381 2704 tenui
394 2642 489 2703 limite
502 2642 576 2704 fecit
590 2643 659 2714 iter;

63 2752 215 2813 Fleximus
226 2751 258 2812 in
272 2752 385 2813 laevum
398 2767 518 2823 cursus,
535 2760 566 2812 et
580 2751 618 2810 ab
632 2749 770 2812 Hectoris
785 2752 862 2811 urhe

104 2857 248 2918 Venimus
261 2857 300 2918 ad
314 2865 435 2935 portus,
452 2854 561 2918 lmbria
578 2866 670 2927 terra,
687 2866 769 2916 tuos.

62 2965 136 3033 1nde
150 2962 209 3023 levi
221 2972 313 3023 vento
327 2960 486 3039 Zerynthia
500 2960 603 3022 littora
619 2959 717 3021 nactis

106 3069 274 3131 Threiciam
288 3067 387 3147 tetigit
400 3069 481 3129 sessa
493 3067 595 3128 carina
610 3069 731 3130 Samon.

65 3177 166 3236 Saltus
179 3176 218 3235 ah
233 3175 290 3235 hac
304 3185 386 3235 terra
398 3174 499 3234 brevis
513 3185 562 3236 est
575 3176 723 3252 Tempyra
739 3177 866 3252 petenti.

107 3282 169 3341 llac
183 3279 340 3339 dominum
354 3289 444 3339 tenus
459 3289 506 3339 est
519 3279 571 3338 illa
585 3290 689 3339 secuta
705 3296 807 3339 suum.

66 3389 140 3448 Nam
156 3384 230 3444 milri
247 3384 398 3444 Bistonios
412 3384 527 3461 placuit
541 3387 620 3461 pede
635 3402 763 3462 carpere
778 3402 916 3462 campos:

110 3490 368 3568 Hellespontiacas
382 3490 433 3550 illa
451 3491 561 3568 relegit
574 3508 679 3567 aquas:

71 3597 313 3674 Dardaniamque
328 3596 404 3674 petit
417 3595 552 3658 auctoris
564 3595 684 3657 'nomen
700 3599 872 3675 habentem,

113 3708 150 3769 Et
163 3717 205 3781 ta,
222 3705 367 3781 ruricola,
383 3707 559 3782 Lampsaco,
578 3715 643 3768 tuta
657 3707 725 3769 deo.
