2932 5002
715 354 836 412 -56-

299 483 474 543 Grandibus
490 482 521 540 in
537 480 645 541 tumuli
660 495 814 540 marmore
835 482 920 541 caede
936 481 1029 542 notis.

260 589 312 648 llic
328 607 387 666 ego
408 588 459 665 qui
471 589 563 663 jaceo
580 599 762 648 tenerorum
778 587 864 646 lusor
881 605 1033 659 aurorurn,

302 695 427 771 lngenio
445 695 534 771 perii,
552 694 631 753 Naso
648 702 750 770 poeto,
768 711 849 753 nien.
1054 759 1057 765 ,

257 802 294 862 At
310 801 363 861 tibi
378 802 429 878 qui
444 800 567 872 transis,
585 818 624 860 ne
639 801 677 860 sit
692 817 796 876 grave,
813 800 951 876 quisquis
967 801 1088 867 amasti.

301 907 419 967 llicere:
436 905 560 967 Nasonis
576 906 709 966 nrollitor
724 923 794 965 ossa
813 907 938 967 cubent.

258 1017 322 1076 lloe
337 1015 410 1076 sutis
425 1014 456 1074 in
472 1015 560 1075 titulo
576 1024 633 1074 est.
650 1015 767 1075 Etenim
783 1016 899 1091 majora
914 1015 1018 1087 libelli,

303 1123 338 1182 Et
353 1121 497 1181 diuturno
512 1121 608 1199 inagis
623 1132 695 1182 sunt
711 1132 910 1182 nronunrenta
924 1121 994 1180 rnoi.

257 1228 339 1298 Quos
353 1246 411 1305 ego
427 1227 562 1300 confido,
579 1227 716 1304 quumvis
732 1220 879 1300 nocuere,
897 1227 1024 1289 daturos

304 1338 432 1408 Nomen,
449 1347 480 1396 et
495 1335 614 1397 auctori
629 1347 769 1413 tempora
784 1337 876 1413 longa
892 1354 960 1400 suo,

259 1448 303 1505 Tu
320 1456 421 1506 tamen
437 1445 590 1504 exstincto
605 1445 709 1504 foralia
724 1462 851 1505 munera
866 1446 958 1517 serto,

302 1553 404 1628 [leque
419 1551 478 1611 tuis
494 1551 636 1628 lacrymis
651 1551 774 1612 hurnidn
790 1564 871 1612 serta
886 1552 969 1613 doto.

259 1661 399 1731 Quamvis
414 1661 444 1719 in
462 1660 597 1720 cinerem
612 1678 726 1738 corpus
742 1661 903 1722 innovo-ir
923 1661 1013 1739 ignis,

300 1768 414 1828 Sentiet
429 1768 563 1829 officiunt
579 1780 689 1829 incesta
706 1768 806 1828 favilla
821 1768 916 1845 pinni.

261 1878 401 1938 Scribere
416 1878 505 1955 pluro
521 1877 606 1938 libet:
623 1879 677 1937 sed
692 1894 752 1937 vox
767 1877 839 1936 milri
854 1878 934 1939 sessa
949 1879 1105 1956 loquendo

303 1986 440 2046 Dictondi
456 1985 546 2058 vires,
563 1987 706 2062 siccaque
720 1987 823 2063 lingua
839 2000 941 2064 negat.

263 2092 374 2168 Accipe
389 2109 535 2169 supremo
551 2093 666 2152 dietnrn
687 2093 759 2152 inibi
780 2093 907 2154 forsitan
924 2112 988 2166 oro,

299 2201 396 2272 Quod,
415 2200 468 2260 tibi
484 2201 535 2275 qni
552 2201 654 2272 initur,
671 2220 730 2260 non
746 2203 837 2264 babet
853 2203 929 2279 ipso:
945 2205 1026 2265 Vale.

565 2414 748 2478 ulrum
761 2420 830 2478 ut.

258 2630 367 2691 omini
383 2649 454 2692 core
470 2632 594 2708 quiden]
610 2650 745 2710 semper,
763 2634 816 2695 sed
832 2633 972 2712 ternpore
988 2637 1067 2695 ‹lnro

300 2737 437 2814 Cognito,
458 2756 508 2798 res
523 2750 688 2816 postquam
703 2741 898 2814 procubuere
913 2757 1004 2810 nreae3

255 2843 365 2902 llsibus
381 2845 492 2904 edocto
508 2844 533 2905 si
550 2845 715 2922 quidquam
732 2844 832 2905 croilis
847 2845 958 2919 enrico,

301 2947 451 3022 Viventii,
469 2962 499 3011 et
519 2952 610 3028 longe
625 2950 748 3010 nornine
765 2967 874 3027 inagna
892 2951 974 3029 suge.

253 3057 325 3117 Vive
340 3058 404 3130 tibi,
423 3070 633 3135 quairtunupre
652 3069 741 3134 potes
756 3060 930 3136 praelustria
946 3061 1018 3120 vita:

297 3166 417 3224 Saevnnr
434 3163 590 3241 praelustri
607 3162 722 3223 lulrnen
739 3165 777 3224 ab
793 3182 864 3225 aree
881 3166 974 3227 venit.

255 3274 328 3333 Nnrn
344 3289 530 3350 quoinquonr
546 3273 603 3333 soli
620 3286 752 3350 possunt
768 3276 916 3352 prodesse
931 3287 1085 3354 potentes,

297 3384 361 3442 Non
381 3382 479 3460 prosit
498 3381 601 3458 potius
616 3383 641 3442 si
657 3383 725 3459 quis
742 3385 853 3445 obesse
872 3397 984 3463 potest.

254 3489 364 3567 Effugit
378 3490 524 3550 hibernas
540 3492 674 3551 dernissa
692 3504 826 3553 antenna
842 3496 1009 3571 procellas,

296 3597 429 3671 Latiique
445 3598 514 3672 plns
531 3599 632 3675 porris
649 3600 713 3659 vela
731 3599 848 3660 tirnoris
865 3601 988 3661 babent.

250 3703 368 3781 Aspicis
385 3715 417 3762 nt
432 3721 550 3767 snrninu
566 3718 674 3770 cortex
690 3708 764 3767 levis
780 3709 896 3770 innatet
917 3710 1009 3780 uirile,
