2932 5002
540 387 641 444 -7-

109 509 168 572 Nec
184 511 237 573 tihi
253 513 292 572 sit
305 514 387 573 lecto
402 513 593 590 displicuisse
607 516 718 591 pudor.

66 617 132 677 Non
147 619 188 679 itu
201 636 234 679 se
249 619 337 680 nobis
349 621 469 695 praebet
484 620 606 680 fortuna
620 622 797 693 secundam,

108 726 146 786 Ut
161 727 214 787 tibi
229 728 268 788 sit
282 726 358 789 ratio
373 729 470 790 leudis
485 731 624 790 habenda
638 741 710 791 tuce.

67 833 171 891 Donec
185 850 269 893 erum
284 851 402 911 sospes,
418 834 497 894 tituli
511 836 660 912 tangebar
673 851 789 906 umore,

109 940 332 1019 Quaerendique
346 942 418 1003 inihi
433 944 565 1004 nominis
580 946 674 1006 ardor
688 954 764 1005 erat.

68 1044 209 1105 Carmina
222 1064 303 1107 nunc
319 1048 344 1107 si
358 1066 420 1107 non
433 1049 641 1126 studiumque,
657 1050 740 1125 quod
754 1048 862 1120 obfuit,
879 1049 941 1121 udi,

111 1150 154 1210 Sit
169 1153 252 1212 satis:
269 1154 391 1230 ingenio
407 1155 451 1214 sic
467 1156 538 1232 fuga
551 1165 640 1232 parta
654 1172 735 1215 meo.

70 1258 81 1314 l
97 1267 209 1331 tamen,
225 1259 306 1337 ipro
321 1277 381 1320 me:
400 1269 444 1332 tn,
462 1260 512 1320 cui
523 1260 605 1332 licet,
622 1260 746 1338 adspice
761 1262 897 1321 Romam.

112 1367 145 1426 lii
160 1368 307 1442 iacerent,
325 1386 434 1444 posses
450 1387 512 1430 non
528 1386 615 1430 meus
630 1386 698 1430 esse
712 1370 801 1431 liber!

69 1472 129 1532 Nec
145 1484 185 1546 te,
203 1475 286 1550 quod
301 1474 404 1534 venius
420 1492 561 1553 magnam
577 1476 758 1554 peregrinus
772 1475 803 1535 in
818 1476 937 1548 urbem,

112 1581 253 1657 Ignotum
268 1584 384 1659 populo
399 1600 492 1660 posse
506 1583 609 1644 venire
623 1596 708 1662 putu.

68 1687 106 1747 Ut
119 1687 208 1748 titulo
225 1705 341 1761 careas,
357 1689 425 1767 ipso
441 1708 570 1751 noscere
584 1693 701 1751 colore:

108 1792 302 1853 Dissimulare
316 1795 390 1855 velis
406 1807 436 1857 te
450 1795 521 1856 licet
536 1813 604 1856 esse
618 1813 731 1856 meum.

67 1903 151 1961 Clam
165 1911 266 1964 temen
281 1901 405 1962 intrato:
419 1921 458 1960 ne
473 1914 503 1962 te
518 1920 585 1962 mea
600 1904 735 1962 carmina
749 1904 872 1963 laedant.

109 2008 175 2066 Nun
190 2018 272 2078 sunt,
289 2018 323 2068 ut
338 2010 492 2083 quondam
507 2011 598 2087 plena
612 2009 727 2070 iuveris
741 2020 838 2070 erant.

68 2111 99 2171 Si
117 2111 184 2187 quis
199 2111 268 2184 erit,
285 2113 393 2189 quite,
410 2114 480 2190 quia
494 2115 536 2176 sis
550 2132 648 2186 meus,
665 2132 733 2176 esse
747 2117 911 2193 legendum

111 2220 176 2279 Non
191 2231 288 2297 putet,
306 2239 323 2281 e
338 2222 454 2299 gremio
470 2223 648 2299 rejiciatque
662 2241 731 2297 sno,-

70 2326 199 2403 lnspice‚
217 2325 277 2400 dic,
294 2325 426 2387 titulurn:
443 2328 508 2388 Non
523 2345 591 2389 surn
604 2339 780 2406 praeceptor
793 2328 917 2392 amoris:

111 2434 190 2504 Quas
205 2435 316 2495 meruit
329 2452 449 2512 poenas,
463 2437 527 2512 jum
542 2436 625 2497 dedit
639 2436 714 2496 illud
727 2454 817 2514 opus.

70 2541 208 2601 Forsitan
223 2552 395 2619 exspectes
410 2560 449 2603 an
462 2544 493 2601 in
507 2545 568 2604 alta
580 2544 691 2619 palatiu
704 2544 831 2602 missurn

110 2647 263 2705 Scandere
280 2657 309 2705 te
320 2648 447 2722 jubeam
461 2648 690 2722 Caesareumque
706 2647 841 2707 domum.

70 2755 233 2832 {gnoscant
248 2764 376 2832 augusta
391 2753 464 2813 mihi
478 2755 557 2825 loca,
572 2753 664 2830 dique
676 2755 827 2816 lucorum:

109 2861 197 2922 Venit
210 2860 240 2919 in
256 2863 315 2922 hoc
330 2861 380 2920 illa
394 2861 509 2920 fulmen
524 2862 648 2921 abarce
663 2872 765 2938 ceput.

69 2969 143 3027 Esse
157 2967 280 3043 quidem
294 2967 417 3027 memini
431 2966 588 3027 mitissima
603 2967 727 3027 sedibus
740 2966 799 3027 illis

110 3073 248 3145 Numina,
265 3074 320 3133 sed
335 3072 427 3134 timeo
443 3073 495 3149 qui
509 3090 644 3135 nocuere
658 3073 744 3134 deos.

47 3200 50 3207 ·
70 3180 213 3239 Terretur
228 3177 352 3238 rnininro
367 3195 477 3255 pennae
492 3179 624 3240 stridore
638 3179 792 3249 columba,

110 3283 285 3360 Unguibus,
302 3285 458 3361 accipiter,
476 3285 578 3352 saucia
592 3285 673 3344 facta
688 3284 758 3344 tuis:

67 3393 129 3451 Nec
144 3391 253 3466 procul
269 3407 286 3450 a
300 3392 427 3451 stabulis
442 3393 534 3452 audet
546 3393 702 3462 secedere,
720 3391 745 3450 si
760 3408 821 3466 qua
873 3374 878 3387 ’

111 3498 247 3556 Excussa
262 3506 309 3556 est
321 3495 399 3556 avidi
414 3495 556 3556 dentibus
571 3511 649 3573 agna
663 3495 738 3573 lupi.

71 3602 185 3662 Vituret
200 3601 474 3672 coelum-Phaeton,
491 3601 516 3660 si
531 3601 655 3670 viveret;
672 3610 703 3659 et
717 3616 795 3678 quos

113 3708 237 3781 optarat
253 3708 355 3778 stulte,
373 3717 499 3785 tangere
513 3705 609 3766 nollet
623 3721 731 3780 equos.
