2932 5002
710 362 830 420 ,54-

255 490 314 551 Nee
325 488 397 553 mihi
418 506 489 567 pars
505 487 611 550 nocuit
625 490 664 549 de
674 489 796 567 gurgite
811 505 914 568 parva:
932 491 987 553 sed
1002 507 1109 552 omnes

296 600 507 660 Presserehoc
523 598 646 670 fluctus,
666 597 867 675 Oceanusque
878 610 981 678 caput.
1081 665 1084 672 ,

254 705 313 766 Cur
333 705 447 782 aliquid
460 704 534 766 vidi?
552 722 609 767 cur
619 704 711 766 noxia
726 705 841 765 lumina
851 704 926 766 ieci?

296 811 356 871 Cur
372 809 559 889 imprudenti
569 811 693 890 cognita
704 811 795 888 culpa
805 810 878 871 mihi
890 812 952 874 est?

255 917 371 978 inscius
388 917 513 978 Actaeon
524 915 598 978 vidit
615 915 682 976 sine
699 928 785 978 veste
799 916 936 978 Dianam:

300 1025 407 1084 Praeda
421 1022 477 1085 fuit
491 1023 618 1085 canibus
634 1041 697 1085 non
710 1023 812 1085 minus
826 1023 877 1085 ilie
898 1023 974 1085 suis.

258 1129 378 1191 Scilicet
387 1130 417 1190 in
431 1130 555 1208 Superis
565 1129 655 1192 etiam
670 1129 792 1201 fortuna
808 1131 921 1193 luenda
934 1143 992 1202 est,

299 1237 360 1298 Nee
375 1236 495 1297 veniam
509 1239 585 1299 laeso
597 1237 720 1297 numine
735 1253 827 1299 casus
841 1239 944 1301 habet.

258 1344 313 1405 iiia
327 1361 459 1421 namque
476 1345 536 1418 die,
559 1362 619 1422 qua
635 1362 685 1405 me
699 1346 797 1406 malus
811 1346 937 1407 abstulit
950 1362 1051 1419 error,

299 1451 392 1510 Parva
406 1451 529 1527 quidem
537 1450 637 1528 periit,
653 1452 708 1512 sed
722 1450 788 1512 sine
807 1451 888 1525 labe,
907 1453 1029 1513 domus.

259 1557 308 1625 sie
320 1575 444 1635 quoque
455 1575 548 1637 parva
567 1569 680 1634 tamen,
693 1559 792 1638 patrio
805 1560 925 1622 dicatur
938 1572 972 1624 ut
985 1577 1052 1622 aero

302 1667 399 1741 Clara,
416 1686 474 1728 nec
488 1669 580 1731 ullius
594 1669 752 1732 nobilitate
766 1670 877 1743 minum

261 1775 298 1835 Et
308 1791 409 1851 neque
424 1774 545 1848 divitiis,
560 1793 617 1837 nee
632 1786 812 1855 paupertate
827 1778 974 1849 notanda,

311 1881 397 1942 Unde
408 1880 487 1942 sitin
502 1892 645 1945 neutrum
659 1881 896 1961 conspiciendus
906 1899 1012 1960 eques.

262 1988 305 2048 Sit
320 2007 442 2066 quoque
452 2002 558 2053 nostra
571 1993 692 2064 domus,
707 1992 756 2052 vel
770 2009 866 2053 censu
880 2007 984 2070 parva,
1000 1992 1047 2053 vel
1065 2001 1147 2063 ortu,

303 2094 429 2171 Ingenio
443 2106 527 2156 certe
541 2114 603 2156 non
614 2098 688 2157 latet
699 2096 751 2157 ilia
767 2114 848 2159 meo.

263 2203 327 2272 Quo
342 2198 445 2261 videar
459 2199 596 2276 quamvis
613 2199 739 2258 nimium
749 2199 924 2275 juveniliter
937 2217 1025 2272 usus,

307 2307 427 2369 Grande
440 2316 542 2368 tamen
553 2315 619 2367 toto
635 2321 748 2365 nomen
766 2306 806 2366 ab
820 2306 896 2367 orbe
906 2307 982 2368 iero.

266 2418 430 2492 Turbaque
442 2415 605 2477 doctorum
618 2414 769 2475 Nasonem
780 2413 874 2488 novit,
890 2425 923 2478 et
935 2416 1029 2479 audet

308 2525 375 2585 Non
390 2521 532 2585 fastiditis
546 2524 750 2585 adnumerare
763 2523 846 2586 viris.

268 2630 390 2692 Corruit
404 2631 471 2690 haee
486 2628 579 2707 igitur
588 2628 683 2690 Musis
695 2641 834 2709 accepta,
850 2631 908 2692 sub
918 2647 993 2704 uno,

311 2736 449 2798 sednon
465 2733 577 2812 exiguo
592 2734 732 2808 erimine,
748 2735 835 2813 lapsa
848 2736 970 2796 domus.

270 2842 369 2919 arque
382 2857 418 2902 ea
432 2840 477 2902 sic
486 2840 572 2919 lapsa
586 2851 644 2915 est,
658 2849 694 2901 ut
707 2839 881 2919 surgeresi
896 2840 988 2901 modo
1002 2839 1068 2901 laesi

313 2947 518 3010 Ematuruerit
531 2948 658 3011 Caesaris
672 2947 728 3021 ira,
744 2957 847 3025 queat.

273 3054 366 3132 Cujus
380 3054 412 3114 in
423 3064 534 3116 eventu
548 3070 651 3131 poenae
664 3053 825 3114 elementia
838 3063 923 3115 tanta
932 3063 991 3127 est,

313 3162 353 3223 Ut
366 3163 457 3224 fuerit
471 3172 580 3224 nostru
594 3159 693 3221 lenior
707 3159 753 3220 ira
767 3169 861 3220 metu.

277 3267 344 3331 Vita
358 3270 428 3330 data
442 3279 500 3340 est,
514 3267 651 3347 citraque
661 3281 768 3327 necem
783 3274 835 3327 tua
845 3264 980 3328 constitit
991 3266 1047 3340 ira,

313 3375 507 3454 0prineeps,
523 3389 628 3453 parce,
644 3373 759 3436 viribus
774 3390 830 3434 use
845 3373 917 3435 tuis.
972 3403 973 3406 ¹

277 3479 407 3558 ‘nsuper
419 3483 581 3554 accedunt,
598 3491 628 3543 te
642 3497 705 3540 non
717 3479 882 3555 adimente,
897 3491 1046 3560 paternae,

313 3589 469 3666 Tanquam
482 3589 543 3653 rita
556 3606 667 3669 parum
679 3588 815 3651 muneris
829 3599 923 3662 esset,
939 3605 1024 3667 opes.

208 3763 214 3773 ,
282 3697 339 3766 Nee
355 3712 422 3759 mea
437 3697 562 3760 decreto
576 3696 727 3760 damnasti
740 3698 819 3760 iacta
833 3705 968 3766 senatus,
