2932 5002
718 388 817 445 ..6-

255 515 416 577 Virereme
427 516 521 577 dices:
539 519 656 578 salvum
671 527 773 578 tamen
785 536 854 579 esse
865 521 1003 598 negabis;

295 624 328 684 ld
343 640 466 700 quoque
477 626 560 701 quod
573 624 681 697 vivam,
696 642 808 686 munus
823 627 936 687 habere
952 627 1012 688 dei.

254 732 357 807 Teque
371 732 413 790 ita
428 743 461 791 tu
475 732 586 792 tacitus
602 733 751 808 quaerenti
766 735 854 809 plura
869 734 1045 810 legendum,

296 837 349 908 Ne,
366 853 435 913 quae
449 853 512 898 uon
534 855 613 915 opus
627 847 686 910 ost,
708 838 787 897 forte
801 839 941 915 loquare,
958 839 1055 901 dabis.

255 941 396 1002 Protinus
410 941 585 1004 admonitus
602 953 722 1022 repetet
742 960 810 1004 mea
825 943 952 1007 crImina
965 945 1076 1018 lector,

296 1050 334 1108 Et
349 1065 479 1127 peragar
502 1050 609 1127 populi
628 1050 770 1127 publicus
790 1068 843 1110 oro
858 1067 939 1109 reus.
1035 1096 1045 1115 a

254 1157 328 1231 Neu,
346 1175 429 1231 cavo,
446 1158 603 1232 defendas,
621 1159 757 1243 quamvls
772 1160 954 1220 mordebere
968 1159 1067 1220 dIctis.

296 1264 392 1324 Causa
406 1265 578 1343 patrocinio
593 1284 655 1324 non
669 1267 751 1326 bona
765 1266 855 1341 pejor
869 1265 938 1325 erit.

254 1373 391 1434 Invenies
406 1374 549 1451 aliquem,
567 1375 619 1451 qui
633 1393 682 1434 me
698 1374 830 1452 suspiret
845 1377 1034 1453 ademptum,

295 1479 432 1539 Carmina
447 1497 504 1539 nec
519 1480 608 1540 siccis
622 1484 759 1559 perlegat
773 1481 830 1541 ista
843 1481 940 1559 genis:

254 1586 291 1646 Et
305 1586 415 1646 tacitus
429 1602 545 1658 secum,
562 1586 681 1660 nequis
695 1589 793 1646 malus
807 1586 920 1659 audlat,
938 1596 1034 1663 optet,

295 1690 339 1752 Sit
355 1709 434 1765 mea,
452 1692 546 1752 lenito
560 1693 689 1764 Caesare,
706 1709 799 1769 poena
814 1692 925 1752 mInor.

254 1797 314 1858 Nos
329 1816 463 1874 quoque,
480 1798 617 1875 quisquis
632 1799 700 1871 erit,
718 1816 756 1858 ne
771 1799 810 1858 sit
824 1799 917 1859 miser
929 1799 990 1871 ille,
1007 1816 1180 1876 precamur,

297 1908 435 1968 Placatos
450 1907 563 1969 misero
577 1908 630 1985 qui
645 1909 726 1968 volet
741 1925 809 1968 esse
824 1909 910 1968 deos.

259 2011 391 2086 Quaeque
404 2014 496 2084 uolet,
514 2024 579 2073 rata
592 2014 662 2073 sint:
678 2015 839 2089 ablataque
853 2012 1000 2091 principis
1014 2014 1059 2074 ira

296 2120 424 2180 Sedibus
437 2121 468 2180 in
482 2122 588 2198 patriis
603 2124 655 2182 det
669 2122 742 2182 milri
756 2141 848 2199 posse
862 2123 951 2182 mori.

253 2228 291 2288 Ut
304 2245 434 2305 perages
449 2229 600 2300 mandata,
617 2230 705 2300 liber,
721 2230 887 2305 culpabere
901 2229 1017 2301 forsan,

301 2333 478 2411 Ingeniique
492 2332 592 2393 minor
606 2334 695 2393 laude
709 2333 807 2393 serere
821 2331 892 2392 mei.

255 2444 370 2506 Iudicis
385 2444 519 2504 officium
533 2455 592 2517 cst,
607 2455 641 2505 ut
657 2461 718 2518 res,
736 2444 776 2504 ita
791 2455 930 2521 tempora
945 2462 1048 2505 rerum

303 2553 456 2626 Quaerere
474 2553 603 2630 quaesito
618 2564 769 2630 tempore,
786 2563 871 2614 tutus
887 2551 957 2613 eris.

259 2658 397 2717 Carmina
410 2658 594 2732 proveniunt
608 2658 710 2716 ammo
726 2659 857 2718 deducta
871 2667 993 2719 sereno:

297 2763 404 2823 Nubila
419 2773 491 2822 sunt
505 2761 612 2823 subitis
628 2773 766 2838 tempora
781 2773 884 2821 nostra
899 2762 995 2822 malis.

257 2870 395 2931 Carmina
411 2888 566 2931 secessum
582 2870 743 2930 scribentis
759 2881 789 2930 et
803 2870 864 2971 ptia
877 2882 1031 2947 quaerunt:

297 2979 344 3037 lle
358 2993 454 3050 mare,
468 2977 625 3049 merenti,
642 2994 691 3038 me
705 2978 769 3037 iera
780 2978 875 3054 jactat
888 2979 1005 3056 hyems.

257 3084 446 3145 Carminibus
459 3093 559 3143 metus
575 3082 673 3144 omnis
687 3085 784 3144 abest:
802 3102 860 3162 ego
875 3085 1013 3162 perditus
1027 3103 1133 3149 ensem

299 3192 460 3252 Ilaesurum
470 3190 579 3267 jugulo
590 3191 655 3266 jam
668 3200 744 3266 puto
754 3190 880 3266 Jamque
895 3208 975 3251 meo.

255 3301 325 3361 Ilaec
340 3317 473 3376 quoque,
491 3301 574 3376 quod
589 3299 678 3372 facio,
691 3301 789 3375 Judex
803 3298 963 3361 mirabitur
974 3315 1093 3377 aequus3

297 3407 478 3485 Scriptaque
492 3424 563 3467 cum
576 3405 664 3466 venIa
679 3406 913 3489 qualiacumque
925 3405 1019 3484 leget.

257 3514 300 3572 lla
312 3513 386 3572 milri
400 3512 581 3585 Maeoniden,
597 3524 628 3574 et
639 3521 685 3572 tot
698 3510 901 3588 circumspice
916 3529 1018 3586 casus;

298 3619 455 3696 Ingenium
470 3619 562 3681 tantis
577 3619 698 3681 excidet
713 3636 804 3680 omne
819 3617 917 3679 malis.

256 3726 390 3805 Denique
405 3745 532 3795 securus
546 3729 650 3801 samaa,
667 3727 755 3800 liber,
772 3728 816 3789 ire
829 3734 996 3796 memento,
