2932 5002
713 393 855 451 -iii—

301 526 339 588 Et
352 543 401 586 me
416 524 568 586 Battiades
580 523 686 600 jndice
707 523 802 584 salsus
823 533 899 583 erat.

255 631 365 692 Omnia
381 648 445 692 nun
460 631 565 702 crede,
582 646 677 706 quum
692 639 726 689 tu
741 631 902 691 consultus
917 631 955 689 ab
972 631 1064 692 Arcto

304 738 413 815 Terga,
429 753 536 814 vapor,
552 736 684 808 dederis,
701 735 927 813 Ausoniamque
944 748 1041 814 petas.

260 847 332 907 Haec
347 844 440 923 igitur
451 845 506 905 lux
522 853 580 916 est,
597 860 667 921 quae
686 843 712 905 si
726 860 789 905 non
803 855 870 905 orta
891 843 1010 915 suisset,

304 950 390 1010 Nulla
405 949 461 1010 iuit
476 948 589 1010 misero
603 949 681 1010 festa
699 948 830 1011 ridenda
846 949 930 1010 mihi.

265 1055 368 1118 Edidit
381 1056 448 1116 haec
463 1072 565 1116 mores
579 1055 638 1116 illis
656 1054 790 1116 heroisin
808 1073 926 1133 aequos,

271 1169 275 1176 ’
320 1160 410 1232 Queis
422 1171 488 1221 erat
505 1160 623 1234 Eetion,
643 1161 818 1239 Icariusque
835 1171 933 1239 pater.

267 1266 342 1328 Nata
358 1266 503 1346 pudicitia
517 1277 574 1340 est,
594 1282 708 1340 mores,
724 1267 935 1346 proditasque,
952 1267 1100 1347 fidesque:

308 1375 347 1436 dt
360 1391 423 1435 non
438 1384 510 1437 sunt
523 1373 580 1435 ista
599 1374 709 1453 gaudia
724 1384 795 1436 nata
809 1375 869 1449 die;

264 1482 327 1542 Sed
344 1481 443 1554 labor,
460 1491 490 1542 et
504 1495 598 1554 curae,
615 1480 799 1559 fortunaque
813 1481 951 1544 moribus
966 1482 1078 1562 impar,

313 1588 460 1664 iustaque
474 1588 513 1648 de
530 1588 621 1649 uduo
636 1604 725 1666 peene
737 1591 861 1667 querela
876 1599 955 1651 toro.

267 1696 402 1769 Scilicet,
419 1696 554 1757 adversis
570 1697 707 1773 probitas
721 1698 856 1759 exercita
873 1700 978 1771 rebus,

310 1804 399 1867 Tristi
413 1806 569 1867 materiam
588 1818 729 1885 tempore
747 1808 846 1869 laudis
860 1808 962 1869 habet.

273 1911 306 1972 Si
321 1911 394 1971 nihil
413 1911 513 1973 infesti
524 1913 620 1974 durus
637 1912 762 1974 vidisset
775 1914 909 1990 Ulysses,

311 2019 463 2096 Penelope
475 2019 560 2093 ieiix,
576 2021 631 2081 sed
653 2019 719 2080 sine
732 2020 835 2094 laude,
852 2020 942 2080 soret:

269 2124 371 2186 Victor
389 2125 551 2186 Echionias
566 2125 592 2186 si
606 2125 652 2186 vir
666 2134 859 2204 penetrasset
872 2127 904 2186 in
919 2143 1017 2200 arces,

311 2231 464 2293 Forsitam
482 2233 625 2294 Euadnen
640 2233 691 2293 vir
706 2252 762 2296 sua
776 2243 881 2296 nosset
895 2234 1018 2296 humus:

272 2337 373 2408 Quum
389 2338 468 2398 Pelia
482 2348 530 2399 tot
543 2339 604 2400 sint
618 2340 740 2417 genitae,
757 2358 814 2400 eur
827 2341 938 2400 nobilis
952 2356 1014 2399 una
1026 2341 1086 2400 est‘?

316 2445 414 2521 Nupta
429 2444 485 2504 suit
499 2444 612 2504 misero
626 2461 737 2521 nempe
751 2446 835 2519 quod
848 2461 910 2504 una
924 2443 1000 2504 vire.

268 2551 381 2623 Effice,
397 2560 432 2610 ut
446 2549 551 2610 iliacas
565 2560 671 2627 tangat
685 2549 771 2627 prior
785 2551 862 2611 alter
878 2567 998 2624 arenas3

312 2654 473 2716 Laodamia
487 2654 561 2715 nihil
579 2673 635 2716 cur
649 2655 802 2717 reseratur
816 2656 885 2718 erit.

271 2767 310 2829 Et
325 2775 388 2838 tua,
406 2766 488 2842 quod
503 2765 635 2838 maliem,
652 2764 749 2842 pietas
763 2765 867 2844 ignota
882 2779 1030 2841 maneret,

314 2875 497 2952 implessent
510 2874 591 2935 venti
606 2873 632 2934 si
646 2891 714 2936 mea
728 2876 794 2936 vela
809 2876 867 2936 sui.

271 2981 306 3044 Di
324 2995 438 3056 tamen,
455 2993 486 3045 et
500 2983 605 3045 Caesar
619 2984 669 3045 Dis
684 3001 859 3059 accessure,
876 2988 931 3049 sed
946 2987 1031 3060 olim,

316 3087 477 3167 AEquarint
492 3089 593 3168 Pylios
607 3107 702 3168 quum
717 3101 769 3154 tua
783 3091 844 3152 iata
859 3092 934 3166 dies;

273 3194 341 3259 Non
355 3195 439 3268 mihi,
456 3194 509 3273 qui
522 3211 646 3274 poenam
660 3196 759 3256 fateor
773 3197 932 3268 meruisse,
950 3198 1005 3257 sed
1019 3197 1060 3257 illi

313 3300 442 3373 Parcite,
460 3316 541 3377 quae,
558 3302 642 3361 nulle
656 3301 747 3378 digna
762 3301 880 3373 dolore,
898 3302 991 3361 dolet!

624 3516 811 3570 mm
825 3517 894 3571 Vl.

275 3727 322 3790 'in
338 3744 475 3806 quoque,
492 3736 667 3790 nostrarum
683 3729 839 3806 quendam
854 3727 964 3790 fiducia
980 3745 1094 3806 rerum,
