2932 5002
712 385 833 443 ..16-

259 521 298 581 Te
306 522 395 598 jubet
410 538 426 580 e
441 519 538 597 patria
554 518 714 579 discedere
729 517 856 576 Caesaris
871 517 929 578 ira:

297 629 344 686 Me
358 627 466 705 pietas,
483 626 581 703 pictas
595 625 663 684 haee
677 623 751 683 mihi
765 623 867 684 Caesar
882 623 952 684 erit.

255 735 335 795 Talia
350 735 497 795 tentabat:
513 734 557 794 sic
572 743 603 792 et
617 742 788 793 tentaverat
803 743 887 793 ante:

298 841 415 917 Vixque
430 840 514 901 dedit
528 839 623 899 victas
638 838 768 898 utilitate
783 854 902 898 manus

260 946 419 1024 Egredior,
436 945 499 1005 sive
512 945 589 1004 illud
603 954 668 1004 erat
683 943 749 1004 sine
764 943 871 1004 funere
886 943 971 1014 serr-i,

302 1056 475 1132 Squallidus
490 1054 633 1115 immissis
647 1054 727 1113 hirta
741 1071 798 1130 per
813 1070 868 1113 ora
882 1054 991 1113 comis,

261 1165 313 1224 illa
327 1162 435 1224 dolore
449 1162 507 1222 mei
522 1159 658 1221 tenebris
672 1172 815 1220 narratur
830 1160 948 1221 obortis

300 1268 488 1330 Semianimis
504 1268 602 1329 media
615 1267 822 1344 procubuisse
837 1269 945 1329 domo.

257 1378 356 1453 thue
370 1374 550 1446 resurrexit,
567 1373 689 1434 foedatis
705 1375 833 1450 pulvere
849 1374 932 1452 turpi

302 1481 452 1553 Crinibus
470 1491 501 1540 et
515 1479 614 1557 gelidai
630 1481 768 1540 membra
782 1481 891 1541 levavit
906 1483 1013 1554 hnmo余

262 1590 300 1649 Se
313 1588 417 1660 modo,
434 1589 573 1647 desertos
587 1588 679 1647 modo
695 1589 903 1664 complorasse
917 1589 1057 1663 Penates,

304 1695 419 1754 Nomen
435 1705 465 1753 et
480 1693 577 1770 ercpti
592 1709 675 1770 saepe
689 1709 813 1754 vocasse
828 1693 893 1755 viri:

267 1803 327 1864 Nec
342 1801 495 1880 gemuisse
510 1800 621 1873 minua,
640 1816 731 1877 quam
747 1800 773 1859 si
787 1811 904 1862 nataeve
917 1819 1059 1864 meumve

308 1913 438 1974 Vidisset
453 1921 587 1971 structos
603 1928 716 1989 corpus
732 1912 846 1972 habero
860 1929 964 1989 rogos:

265 2022 301 2082 Et
316 2020 448 2080 voluisse
462 2019 551 2089 mori,
568 2019 728 2080 moriendo
742 2037 859 2096 ponere
874 2037 995 2092 scnsus余

309 2132 525 2207 Respectuque
542 2140 646 2188 tamen
662 2146 723 2187 non
739 2129 880 2204 posuisse
893 2131 963 2190 mei.

268 2236 364 2296 Vivat:
381 2247 412 2296 et
427 2237 598 2308 absentem,
620 2235 764 2311 quoniam
779 2235 822 2295 sic
837 2237 896 2296 fata
911 2239 1057 2312 tulerunt,

309 2341 406 2414 Vivat,
423 2353 454 2402 ct
469 2341 582 2401 auxilio
598 2342 738 2402 sublevet
752 2359 850 2417 usque
865 2360 932 2403 suo.

606 2563 781 2620 ulrum
802 2565 872 2619 lv.

266 2770 403 2849 Tingitur
417 2773 537 2833 Oceano
552 2781 657 2830 custos
672 2771 906 2848 Erymanthidos
922 2791 1013 2848 ursae,

308 2880 536 2956 AEquorcasquc
552 2896 608 2938 suo
624 2879 724 2939 sidere
739 2880 841 2940 turbat
855 2897 961 2956 aquas:

269 2988 330 3047 Nos
344 2997 446 3046 tamen
460 2986 578 3048 lonium
592 3004 655 3046 non
671 2998 777 3048 nostra
791 2989 933 3051 findimus
948 3009 1056 3068 aequor

311 3095 437 3170 Sponte,
455 3094 509 3154 sod
524 3094 657 3154 audaces
672 3095 811 3172 cogimur
824 3114 893 3158 esse
907 3110 1000 3160 motu.

269 3203 316 3263 Me
331 3203 488 3263 miserum!
506 3204 627 3281 quantis
641 3204 818 3267 increscunt
832 3223 958 3284 aequora
972 3209 1081 3284 ventis,

310 3311 464 3387 Erutaque
479 3328 517 3370 ex
532 3311 599 3371 imis
614 3311 710 3372 fervet
723 3329 816 3374 arena
830 3314 925 3376 vadis!

268 3416 370 3477 Monte
386 3434 444 3478 neo
460 3417 586 3479 inferior
601 3436 703 3497 prorae
717 3420 874 3499 puppique
890 3440 1028 3484 recurvae

310 3525 417 3598 Insilit,
434 3538 464 3586 et
478 3527 578 3605 pictos
594 3530 735 3590 verberat
749 3532 831 3591 unda
845 3533 931 3592 deos.

269 3631 360 3690 Pinea
376 3642 458 3692 texta
473 3648 594 3708 sonant余
612 3636 690 3714 pulsi
707 3637 838 3698 stridore
853 3640 1009 3712 rudentes余

311 3741 450 3819 Aggemit
465 3755 495 3803 et
510 3744 625 3805 nostris
642 3745 707 3822 ipsa
722 3747 824 3810 carina
840 3748 939 3811 maiis.
