2932 5002
515 372 595 432 ..50
605 402 637 415 ..

97 507 141 568 nd
156 504 398 583 delinquendum
413 505 535 567 doctior
550 521 619 567 esse
638 515 752 582 potest.
798 542 803 549 ·

52 615 276 692 Quodcumque
289 612 424 692 attigerit
437 612 474 690 (si
488 624 610 690 quaest
624 613 763 675 studiosa
777 611 909 689 sinistri)

97 721 141 781 nd
156 720 264 782 vitium
279 737 381 781 mores
394 719 528 780 instruet
556 718 628 780 inde
645 737 731 781 suos.

53 826 227 903 sumpserit
241 826 383 898 Annales,
402 825 477 884 nihil
492 835 540 886 est
555 825 703 888 hirsutius
717 824 789 896 illis,

100 936 189 996 Facta
204 934 244 996 sit
257 936 340 995 unde
355 951 466 1012 pareus
481 933 533 994 llia
548 951 659 1012 nempe
673 935 767 1012 leget.

54 1041 241 1120 Sumpserit,
259 1043 426 1103 AEneadum
442 1042 574 1119 genitrix
586 1041 640 1103 ubi
653 1041 763 1118 prima3
780 1042 928 1120 requiret,

104 1148 272 1208 AEucadum
286 1146 420 1225 genitrix
434 1148 517 1208 unde
532 1146 571 1207 sit
586 1148 665 1207 alma
679 1148 793 1208 Venus.

60 1256 230 1332 Persequar
244 1253 382 1327 inferius,
398 1254 491 1314 modo
507 1253 532 1314 si
546 1253 618 1314 licet
633 1252 742 1314 ordine
755 1253 840 1327 ferri,

102 1361 197 1423 Posse
208 1377 323 1423 nocere
336 1359 446 1421 animis
461 1359 712 1421 carminisomne
727 1377 836 1438 genus.

65 1469 131 1528 Non
147 1478 248 1528 tamen
263 1466 380 1529 idcirco
391 1466 511 1529 crimen
525 1467 603 1528 liber
618 1465 718 1527 omnis
733 1465 867 1539 habehim

101 1574 147 1633 Nil
161 1574 299 1652 prodest,
311 1575 400 1652 quod
414 1591 476 1635 non
491 1574 605 1635 laedere
619 1572 719 1651 possit
733 1572 826 1635 idem.

63 1683 138 1759 igne
152 1682 225 1759 quid
240 1682 357 1743 utilius?
372 1681 398 1742 si
412 1681 480 1758 quis
496 1692 596 1744 tamen
611 1699 703 1744 urere
716 1692 798 1743 tecta

109 1790 280 1868 Comparat,
297 1791 429 1853 audaces
443 1789 567 1851 instruit
581 1789 652 1868 igne
665 1806 785 1851 manus.
859 1842 862 1847 .

60 1896 157 1974 Eripit
172 1897 339 1968 interdum,
357 1897 450 1956 modo
465 1897 517 1956 dat
532 1895 682 1956 medicina
697 1897 838 1967 salutem,

103 2008 239 2081 Quaeque
249 2006 362 2082 juvans
377 2014 541 2076 monstrat,
558 2020 690 2081 quaeque
704 2003 743 2064 sit
757 2004 852 2066 herba
867 2021 995 2066 nocens.

35 2162 37 2166 ,
60 2115 99 2174 Et
114 2115 205 2185 latro,
223 2123 254 2173 et
269 2122 378 2173 cautus
391 2110 592 2190 praecingitur
606 2128 682 2173 ense
694 2112 804 2174 viator:

107 2220 159 2281 lile
174 2221 228 2282 sed
242 2219 377 2293 insidias,
395 2220 444 2281 hic
458 2219 515 2281 sciri
529 2230 634 2298 portat
648 2238 748 2299 opem.

62 2325 195 2387 Discitur
209 2325 358 2388 innocuas
373 2339 407 2389 ut
422 2336 494 2404 agat
507 2327 649 2389 facundia
663 2345 782 2390 causas:

105 2432 240 2511 Protegit
250 2433 317 2493 haec
333 2443 451 2506 sontes,
467 2433 697 2509 immeritosque
711 2433 833 2511 premit.

62 2542 112 2603 Sic
127 2541 219 2620 igitur
234 2558 370 2614 carmen,
385 2551 472 2601 recta
487 2539 512 2601 si
526 2551 629 2601 mente
644 2541 775 2618 legatur,

108 2649 265 2711 Constabit
279 2648 355 2708 nulli
369 2664 462 2726 posse
477 2664 590 2707 nocere
604 2664 717 2708 meum.

64 2759 102 2819 At
116 2757 260 2836 quiddam
276 2754 338 2816 vitii
353 2755 539 2833 quicumque
553 2754 624 2816 hinc
639 2755 787 2835 concipit,
802 2768 896 2831 erran

107 2866 144 2926 Et
158 2864 284 2924 nimium
300 2863 422 2942 scriptis
437 2874 561 2941 arrogat
574 2861 625 2924 ille
639 2863 726 2925 meis.

66 2971 104 3032 Ut
118 2981 219 3031 tamen
234 2970 294 3030 hoc
308 2970 415 3042 fatear,
433 2968 498 3030 ludi
511 2986 635 3047 quoque
650 2970 766 3032 semina
780 2973 920 3050 praebent

105 3076 263 3154 Nequitiae:
280 3075 346 3136 tolli
358 3087 424 3137 tota
443 3076 656 3153 theatrajube‚

63 3182 212 3245 Peccandi
226 3197 350 3242 causam
362 3197 432 3258 quae
447 3181 551 3242 multis
565 3199 648 3260 saepe
662 3184 826 3256 dederunt,

105 3289 210 3350 Martia
225 3306 295 3350 cum
310 3290 422 3350 durum
437 3289 547 3350 sternit
560 3305 653 3350 arena
668 3291 779 3350 solum.

61 3399 201 3459 'tollatur
215 3396 331 3468 Circus3
343 3414 411 3456 non
426 3407 492 3458 tuta
506 3398 628 3458 licentia
642 3397 719 3458 Circi
734 3408 792 3459 est:

106 3505 160 3567 Hic
174 3506 261 3566 sedet
269 3504 381 3582 ignoto
392 3506 500 3582 juncta
510 3507 617 3582 puella
630 3507 707 3567 viro.

62 3614 139 3674 Cum
153 3610 293 3688 quaedam
308 3609 479 3687 spatientur
493 3611 524 3671 in
539 3612 607 3684 hac,
622 3623 658 3673 ut
671 3623 793 3675 amator
806 3616 914 3677 eadem

108 3717 282 3793 Conveniam
293 3734 394 3796 qnare
408 3716 548 3796 porticus
557 3718 624 3780 *ulla
639 3721 737 3797 patet?
