2932 4996
506 398 625 458 „55-

94 524 154 584 Nec
164 541 231 586 mea
245 526 360 586 selecto
371 525 476 601 jndice
486 528 574 604 jussa
587 530 658 607 luga
674 540 730 590 est.

53 632 202 695 Tristibus
214 634 353 695 invectus
364 635 476 709 verbis,
494 636 535 697 itu
548 637 689 716 principe
704 639 843 717 dignum,
933 695 936 700 ,

11 741 14 748 ’
95 743 183 803 Ultus
197 760 232 804 es
246 744 387 817 offensas,
404 754 438 804 ut
451 747 551 819 decet,
568 747 634 824 ipse
648 756 727 809 tuas.

54 847 140 908 Adde
153 850 236 924 quod
250 849 383 910 edictum
399 851 536 927 quaumm
551 851 693 925 immane,
713 851 888 930 minaxque,

96 954 236 1017 Attamen
250 955 281 1015 in
295 972 397 1034 poenoe
412 957 535 1018 nomine
549 959 618 1018 lene
633 958 699 1018 luit.

57 1057 174 1138 Quippe
187 1062 352 1139 relegatus,
369 1078 432 1121 non
447 1063 533 1123 exsul
549 1063 637 1123 dicer
650 1062 682 1122 in
697 1063 760 1134 ille;

99 1168 253 1244 Parcaque
267 1168 400 1229 furtunae
411 1178 483 1229 sunt
498 1169 567 1229 data
582 1168 674 1228 verba
690 1185 758 1228 mac.

57 1274 144 1335 Nulla
158 1275 280 1351 quidem
295 1290 370 1336 sane
384 1274 506 1352 gravior
519 1274 691 1350 mentisque
704 1275 823 1351 potenti

101 1382 194 1444 Poena
208 1394 265 1456 est,
282 1399 373 1459 quam
387 1393 472 1443 tante
486 1381 678 1459 displicuisse
692 1381 768 1442 viro.

60 1487 120 1548 Sed
133 1490 212 1549 solet
224 1488 378 1550 interdum
391 1488 457 1548 lieri
471 1483 620 1565 placabile
637 1504 763 1547 numen:

102 1595 188 1656 Nube
201 1594 280 1655 solet
293 1595 381 1672 pulsa
395 1594 545 1655 candidus
560 1593 605 1654 ire
621 1594 698 1655 dies.
780 1598 783 1602 ’

63 1701 129 1764 Vidi
143 1719 201 1780 ego
214 1701 385 1781 pampineis
399 1713 557 1763 oneratam
572 1701 685 1763 vitibus
701 1704 829 1776 ulmum,

106 1808 179 1879 Quae
193 1808 293 1870 luerat
306 1825 388 1869 saevo
403 1807 530 1868 fulmine
544 1817 626 1868 tacta
640 1808 734 1869 lovis.

66 1919 134 1995 lpse
148 1917 220 1978 licet
234 1934 359 1995 sperare
373 1927 467 1989 vetes,
485 1915 688 1993 sperabimus:
704 1933 793 1992 aeque

108 2026 172 2085 lloc
187 2041 283 2084 unum
297 2023 363 2084 lieri
376 2034 408 2084 te
420 2022 605 2100 probibente
619 2031 733 2100 potest.

67 2134 142 2210 Spes
157 2130 230 2192 mihi
243 2147 353 2209 magna
367 2130 460 2203 subit,
476 2145 548 2190 cum
563 2139 604 2201 te,
622 2128 781 2191 mitissime
794 2131 954 2210 princeps,

109 2241 185 2317 Spes
199 2236 282 2311 milri,
298 2236 430 2315 respicio
445 2252 516 2297 cum
527 2252 594 2297 meu
609 2235 700 2308 lacta,
718 2235 809 2298 eadit.

68 2346 110 2408 lic
123 2347 216 2409 veluti
230 2345 328 2409 ventis
343 2345 528 2424 agitantibus
545 2362 671 2421 aequora
686 2361 749 2406 nnn
764 2358 812 2407 est

109 2454 244 2532 AEqualis
258 2453 370 2527 rabies,
386 2453 613 2528 continuusque
628 2452 726 2525 furer,

72 2563 132 2622 Sed
146 2562 239 2622 modo
254 2559 430 2630 subsidunt,
446 2556 674 2632 intermissique
689 2557 847 2630 silescunt,

111 2669 239 2745 Vimque
252 2676 344 2745 putes
355 2666 424 2726 illos
439 2664 621 2744 deposuisse
631 2681 728 2738 suam;

71 2779 120 2839 Sic
135 2778 249 2839 abeunt
263 2776 454 2853 redeuntque
469 2773 529 2834 mei
544 2772 723 2851 variantque
736 2773 875 2848 timeres,

113 2885 151 2946 m
167 2900 253 2962 spem
267 2882 409 2962 placandi
423 2882 559 2958 dantque
572 2891 747 2959 negantque
762 2880 817 2942 tui.

73 2993 130 3053 Per
144 3007 274 3069 superos
288 2988 392 3067 igitur,
409 2987 463 3064 qui
475 2988 550 3048 dant
562 2985 615 3047 tibi
629 2987 722 3064 longa
736 2987 916 3066 dabuntque

115 3099 276 3175 Tempora3
292 3097 464 3157 Romanum
479 3092 505 3154 si
520 3095 613 3154 modo
631 3109 745 3153 nomeu
760 3103 876 3165 amana

75 3209 131 3268 Per
144 3204 284 3284 patriam,
301 3220 370 3281 quae
383 3214 416 3265 te
428 3212 494 3264 tuta
508 3213 540 3264 et
553 3218 662 3263 secura
678 3212 807 3280 parente
822 3211 881 3274 est,

118 3315 222 3390 Cujus,
240 3311 320 3372 utin
334 3311 463 3388 pupulo,
480 3326 552 3388 pars
567 3326 626 3387 ego
639 3325 739 3387 nuper
753 3324 848 3370 eram:

77 3423 127 3487 Sic
142 3421 208 3495 tibi,
226 3437 319 3497 quem
333 3435 457 3496 semper
473 3419 561 3480 laetis
577 3419 742 3495 animoque
755 3418 895 3490 mereris,

123 3531 279 3594 Reddatur
294 3537 390 3606 gratae
404 3525 525 3589 debitus
539 3525 625 3586 urbis
642 3541 740 3596 amon

81 3639 163 3704 livia
178 3637 223 3701 sic
236 3647 340 3699 tecum
354 3634 484 3698 sociales
498 3634 652 3710 compleat
665 3650 775 3706 annos,

126 3746 209 3820 Quae,
227 3755 268 3818 te,
284 3741 345 3805 uisi
359 3741 445 3803 nullo
463 3739 595 3821 conjuge
611 3738 702 3818 digna
720 3739 787 3812 luit;
