2932 5002
718 377 838 436 ..41-

302 511 415 570 Vexata
431 519 478 570 est
493 509 604 570 iterum
619 509 755 570 carmine
766 511 857 587 'froja
872 514 957 572 meo?

258 616 320 676 Cur
335 615 416 677 tacui
430 616 560 688 Thebas,
576 627 607 677 et
622 626 727 676 mutua
741 618 867 677 vulnera
882 618 1024 693 fratrum,

299 723 337 782 Et
350 732 467 798 septem
481 731 587 798 portas
601 722 658 782 sub
671 722 750 782 duce
764 739 917 800 quamque
931 726 1002 784 suoi

258 831 319 891 Nec
334 831 407 890 mihi
422 831 578 891 materiam
593 830 735 907 bellatrix
749 833 844 892 Roma
860 834 1004 910 negabat:

300 939 337 998 Et
350 938 420 1015 pius
446 949 493 999 est
506 938 614 1016 patriae
628 938 707 999 facta
722 940 837 1000 referre
851 940 949 1000 labor.

259 1043 407 1121 Denique,
421 1061 492 1104 cum
507 1044 623 1105 meritis
637 1045 811 1122 impleveris
826 1045 939 1118 omnia,
955 1046 1067 1118 Caesar,

302 1152 375 1211 Pars
390 1151 463 1211 mihi
477 1152 515 1212 de
530 1151 633 1212 multis
647 1168 708 1211 una
723 1153 861 1213 canenda
874 1152 942 1212 luit.

257 1259 358 1335 thue
373 1259 499 1319 trahunt
509 1261 618 1320 oculos
632 1258 781 1332 radiantia
796 1258 912 1318 lumina
928 1259 1013 1331 solis,

301 1364 479 1427 Traxissent
493 1365 627 1425 animum
640 1364 684 1425 sic
700 1375 751 1425 tua
766 1365 846 1425 lacta
860 1380 972 1425 meum.

260 1474 382 1552 arguor
395 1474 559 1536 immerito:
576 1473 676 1534 tennis
691 1473 764 1533 mihi
778 1490 906 1552 campus
920 1485 1034 1536 aratur:

303 1581 380 1643 lllud
396 1590 462 1641 erat
477 1597 596 1658 magnae
610 1579 772 1642 fertilitatis
787 1597 876 1659 opus.

264 1689 330 1752 Non
345 1687 414 1748 ideo
429 1689 520 1748 debet
533 1688 642 1765 pelago
657 1703 690 1748 se
705 1688 842 1759 credere,
860 1687 885 1748 si
899 1704 959 1765 qna

305 1796 404 1858 Audet
416 1795 448 1854 in
463 1795 575 1872 exiguo
590 1796 697 1856 ludere
711 1795 820 1872 cymba
834 1795 915 1854 lacu.

263 1901 378 1961 Forsan
393 1911 424 1961 et
439 1901 497 1960 boc
512 1900 659 1971 dubitem,
676 1898 813 1959 numeris
827 1898 992 1959 levioribus
1005 1910 1095 1976 aptus

308 2007 372 2067 Sim
387 2006 472 2077 satis,
488 2006 519 2064 in
533 2022 645 2083 parvos
660 2004 870 2080 sufficiamque
884 2004 1004 2064 modos.

268 2112 311 2172 At
321 2112 347 2173 si
361 2129 410 2172 me
420 2113 531 2189 jubeas
546 2111 678 2172 domitos
691 2110 773 2171 lovis
787 2109 857 2188 igne
868 2109 1009 2187 Gigantas

303 2218 420 2291 Dicere,
438 2229 601 2279 conantem
617 2217 786 2279 debilitabit
799 2234 889 2278 onus.

263 2328 367 2392 Divitis
382 2328 495 2407 ingenii
508 2339 556 2389 est
568 2328 710 2389 immania
725 2315 852 2389 Caesaris
867 2339 935 2389 acta

305 2437 455 2504 Condere.
471 2436 597 2498 materia
611 2454 651 2497 ne
663 2430 826 2514 superetur
840 2454 930 2514 opus.

262 2548 299 2608 Et
313 2557 415 2607 tamen
430 2563 524 2607 ausus
539 2562 633 2606 eram:
648 2548 703 2607 sed
718 2547 891 2608 detrectare
906 2549 1041 2622 videbar,

302 2651 450 2728 Quodque
466 2652 562 2724 nefas,
580 2652 692 2712 damno
708 2650 826 2713 viribus
841 2669 909 2713 esse
923 2653 995 2715 tuis

264 2761 308 2825 Ad
322 2760 389 2820 leve
403 2778 512 2821 rursus
526 2776 616 2837 opus,
629 2758 776 2837 juvenilia
790 2761 937 2836 carmina,
952 2764 1033 2837 veni,

306 2870 342 2929 Et
356 2869 433 2929 ialso
449 2868 531 2929 movi
544 2878 654 2946 pectus
668 2884 773 2930 amore
787 2885 900 2930 meum.
932 2946 934 2950 ι

263 2977 329 3037 Non
343 2977 485 3054 equidem
500 2979 622 3039 uellem:
639 2979 694 3038 sed
713 2994 762 3039 me
777 2994 844 3040 mea
854 2980 915 3040 lata
930 2982 1104 3055 trahebant,

304 3085 399 3161 lnque
413 3101 498 3146 meas
512 3102 621 3162 poenas
635 3085 812 3163 ingeniosus
827 3103 921 3148 eram.

262 3191 327 3252 lleu
341 3191 425 3265 mihi,
442 3194 525 3269 quod
540 3193 642 3254 didici!
658 3194 742 3270 quod
758 3211 806 3254 me
822 3196 956 3256 docuere
970 3205 1126 3272 parentes,

304 3297 476 3374 Litteraque
491 3308 539 3358 est
553 3300 661 3359 oculos
674 3300 737 3358 ulla
750 3309 867 3358 morata
881 3300 979 3359 meos!

232 3384 1007 3478 ‘mmmmmwmmmms

304 3514 385 3585 Quas
400 3523 487 3575 ratus
501 3530 535 3573 es
549 3513 660 3575 vetitos
676 3513 857 3575 sollicitasse
866 3525 964 3576 toros.

230 3675 234 3684 .
267 3622 326 3688 Sed
341 3637 441 3697 neque
455 3636 504 3680 me
519 3629 623 3696 nuptae
638 3619 812 3682 didicerunt
825 3621 905 3682 iurta
920 3620 1077 3700 magistro,

305 3727 453 3810 Quodque
470 3743 579 3808 parum
594 3725 689 3799 norit,
709 3743 800 3787 nemo
811 3727 924 3789 docere
938 3739 1051 3810 potest.
