2932 5002
470 436 473 442 4
519 354 639 413 -er-

56 485 127 556 Quo
141 497 267 544 vereare
281 480 382 544 minus
396 499 435 542 ne
453 482 510 542 sim
523 483 578 544 tibi
593 482 710 544 crimen
728 483 855 556 amicus

103 589 259 662 Invidiam,
280 588 380 668 siqua
397 600 455 662 est,
469 601 578 651 auctor
594 591 708 653 habere
722 602 837 668 potest.

61 699 139 758 Nam
156 707 226 758 tuus
244 706 291 757 est
302 695 408 774 primis
425 698 527 758 cultus
542 696 615 757 mihi
632 714 755 774 semper
774 698 812 759 ab
829 697 927 770 annis,

103 807 167 867 Hoc
181 816 265 866 certe
279 803 343 865 noli
354 803 557 878 dissimulare,
574 818 673 883 pater:

57 913 279 992 Ingeniumque
300 928 414 984 meum,
430 923 520 990 potes
533 914 599 974 haec
614 913 799 986 meminisse,
816 913 977 990 probabam

102 1020 173 1080 Plus
188 1018 280 1080 etiam
297 1035 399 1094 quam,
418 1035 467 1080 me
480 1019 596 1095 judice,
612 1019 724 1098 dignus
740 1034 836 1081 eram.

59 1129 166 1202 Deque
181 1123 257 1185 meis
271 1123 324 1184 iilo
339 1124 492 1186 referebat
506 1125 646 1186 uersibus
662 1142 729 1197 ore,

105 1236 139 1296 ln
157 1251 219 1312 quo
233 1251 305 1312 pars
320 1235 389 1295 altae
404 1232 570 1294 nobilitatis
585 1243 661 1294 erat.

59 1344 129 1404 Non
143 1343 235 1420 igitur
249 1342 302 1404 tibi
316 1360 410 1416 nunc,
427 1343 511 1418 quod
525 1358 574 1402 me
590 1342 701 1403 domus
716 1341 774 1403 ista
789 1342 918 1420 reecpit,

103 1449 163 1510 Sed
176 1447 261 1526 prius
276 1447 394 1510 auctori
410 1457 482 1509 sunt
498 1449 569 1508 data
582 1448 749 1509 verbotuo.

59 1560 122 1620 Nee
137 1558 208 1620 data
223 1568 305 1631 sunt,
323 1557 514 1630 mihicrede,
531 1567 646 1619 tamen:
664 1558 719 1618 sed
734 1556 765 1618 in
780 1556 926 1618 omnibus
941 1558 1028 1631 actis,

105 1664 215 1725 Ultima
229 1663 255 1725 si
269 1665 385 1737 demas,
402 1663 463 1725 vita
479 1665 592 1726 tuenda
606 1679 673 1724 mea
688 1673 745 1724 est.

60 1772 146 1833 Hane
161 1788 294 1849 quoque,
312 1788 371 1848 qua
386 1770 473 1850 perii,
492 1771 626 1849 eulpam,
642 1772 743 1832 scelus
757 1787 828 1832 esse
845 1770 984 1850 negabis,

108 1881 138 1943 Si
152 1881 228 1942 tanti
243 1881 340 1942 series
353 1880 394 1943 sit
407 1881 461 1942 tibi
480 1892 555 1942 nota
570 1880 652 1941 mali.

62 1989 123 2049 Aut
137 1987 240 2062 timor,
256 1998 309 2049 aut
323 2004 412 2048 error
428 1987 529 2060 nobis;
546 1986 633 2065 prius
648 1987 746 2049 obfuit
759 2003 858 2048 error:

107 2092 163 2154 Ah!
181 2093 246 2154 sine
261 2110 310 2154 me
325 2093 377 2154 fati
392 2111 456 2155 non
472 2093 653 2156 meminisse
667 2093 737 2155 mei:

64 2200 145 2262 Neve
159 2201 356 2262 retractando
371 2203 511 2263 nondum
526 2202 669 2265 coeuntia
683 2216 824 2281 rumpam

108 2310 253 2384 Vulnerm
270 2310 321 2371 vix
335 2310 394 2371 iliis
409 2311 551 2389 proderit
567 2311 633 2392 ipsa
650 2312 747 2389 quies.

65 2417 146 2493 Ergo
160 2427 196 2477 ut
206 2417 277 2492 jure
296 2417 407 2477 damus
421 2434 544 2492 poenas;
562 2417 607 2476 sie
617 2416 714 2475 abfuit
729 2431 820 2475 omrte

107 2524 237 2585 Peccata
253 2523 370 2583 iaciuus
384 2522 610 2598 consiliumque
624 2539 703 2584 meo.

66 2631 162 2706 idque
177 2630 253 2689 deus
268 2629 370 2689 sentit:
386 2646 445 2707 pro
460 2646 524 2706 quo
539 2646 596 2690 nec
610 2631 714 2690 lumen
726 2629 883 2690 ademtam
897 2639 955 2702 est,

108 2735 170 2795 Neo
186 2733 258 2794 mihi
273 2735 426 2797 detractas
440 2734 578 2815 possidet
590 2737 668 2798 alter
682 2753 768 2814 opes.

65 2842 204 2904 Forsitan
219 2845 299 2905 hane
313 2844 422 2922 ipsam,
440 2843 521 2906 vivat
536 2844 641 2919 modo,
657 2843 742 2906 finiet
757 2843 841 2917 olim,

106 2949 258 3027 Tempore
272 2966 366 3026 quum
376 2950 470 3012 fuerit
485 2949 586 3012 leuior
600 2951 657 3024 ira,
673 2951 787 3030 sugam.

64 3056 150 3117 Nune
170 3074 284 3134 precor
298 3057 371 3118 hinc
387 3058 448 3120 alio
457 3059 568 3135 jubeat
582 3059 753 3132 discedere,
771 3058 797 3122 si
811 3077 874 3121 non

105 3163 216 3224 Nostra
231 3166 407 3226 verecundo
424 3175 494 3226 uota
508 3167 629 3243 pudore
643 3167 764 3228 eadent.

63 3269 163 3331 Mitius
181 3269 323 3331 exsilium
337 3272 493 3348 pauloque
508 3271 724 3350 propinquius,
741 3281 826 3348 opto,

104 3379 224 3455 Quique
240 3379 279 3438 sit
293 3394 311 3438 a
327 3394 410 3450 saevo
423 3379 548 3456 longius
562 3380 664 3451 hoste,
681 3379 795 3439 locum.
832 3358 835 3364 ¹

65 3486 245 3561 Quanmque
259 3483 291 3543 in
305 3484 443 3562 Augusto
460 3484 634 3546 elementia!
652 3484 758 3561 siquis
772 3486 811 3546 ab
825 3484 877 3544 iilo

107 3594 179 3651 Haec
197 3601 320 3667 peteret
335 3608 393 3669 pro
408 3608 470 3664 me,
487 3591 617 3654 forsitan
632 3592 682 3652 iiie
696 3593 792 3652 daret.

64 3695 186 3776 Frigida
203 3711 253 3756 me
269 3695 537 3765 cohibentEuxiui
549 3697 640 3760 litora
653 3696 752 3761 Ponti:
