<?xml version="1.0" encoding="UTF-8"?>
<!DOCTYPE html PUBLIC "-//W3C//DTD XHTML 1.0 Transitional//EN"
    "http://www.w3.org/TR/xhtml1/DTD/xhtml1-transitional.dtd">
<html xmlns="http://www.w3.org/1999/xhtml" xml:lang="en" lang="en">
 <head>
  <title>
</title>
<meta http-equiv="Content-Type" content="text/html;charset=utf-8" />
  <meta name='ocr-system' content='tesseract 3.04.00' />
  <meta name='ocr-capabilities' content='ocr_page ocr_carea ocr_par ocr_line ocrx_word'/>
</head>
<body>
  <div class='ocr_page' id='page_1' title='image "./povidiinasonist01ovidgoog_0061.png"; bbox 0 0 2932 5002; ppageno 0'>
   <div class='ocr_carea' id='block_1_1' title="bbox 707 397 828 454">
    <p class='ocr_par' dir='ltr' id='par_1_1' title="bbox 707 397 828 454">
     <span class='ocr_line' id='line_1_1' title="bbox 707 397 828 454; baseline 0 -18"><span class='ocrx_word' id='word_1_1' title='bbox 707 397 828 454; x_wconf 60' lang='lat'>..52-</span> 
     </span>
    </p>
   </div>
   <div class='ocr_carea' id='block_1_2' title="bbox 251 525 1268 2290">
    <p class='ocr_par' dir='ltr' id='par_1_2' title="bbox 251 525 1268 2290">
     <span class='ocr_line' id='line_1_2' title="bbox 294 525 978 601; baseline -0.006 -15"><span class='ocrx_word' id='word_1_2' title='bbox 294 527 375 597; x_wconf 80' lang='lat' dir='ltr'><strong>Quos</strong></span> <span class='ocrx_word' id='word_1_3' title='bbox 390 542 464 585; x_wconf 91' lang='lat' dir='ltr'><strong>suus</strong></span> <span class='ocrx_word' id='word_1_4' title='bbox 479 535 601 601; x_wconf 80' lang='lat' dir='ltr'><strong>optaret</strong></span> <span class='ocrx_word' id='word_1_5' title='bbox 617 541 680 584; x_wconf 91' lang='lat' dir='ltr'><strong>non</strong></span> <span class='ocrx_word' id='word_1_6' title='bbox 695 525 839 600; x_wconf 78' lang='lat' dir='ltr'><strong>genuisse</strong></span> <span class='ocrx_word' id='word_1_7' title='bbox 852 540 978 600; x_wconf 86' lang='lat' dir='ltr'><strong>pareus.</strong></span> 
     </span>
     <span class='ocr_line' id='line_1_3' title="bbox 254 629 985 702; baseline -0.004 -11"><span class='ocrx_word' id='word_1_8' title='bbox 254 630 446 701; x_wconf 82' lang='lat' dir='ltr'><strong>Quaerentem</strong></span> <span class='ocrx_word' id='word_1_9' title='bbox 460 631 585 702; x_wconf 77' lang='lat' dir='ltr'><strong>frustra,</strong></span> <span class='ocrx_word' id='word_1_10' title='bbox 602 638 706 689; x_wconf 87' lang='lat' dir='ltr'><strong>custos</strong></span> <span class='ocrx_word' id='word_1_11' title='bbox 721 644 770 688; x_wconf 87' lang='lat' dir='ltr'><strong>me</strong></span> <span class='ocrx_word' id='word_1_12' title='bbox 784 629 908 689; x_wconf 86' lang='lat' dir='ltr'><strong>sedibus</strong></span> <span class='ocrx_word' id='word_1_13' title='bbox 923 629 985 688; x_wconf 87' lang='lat' dir='ltr'><strong>iliis</strong></span> 
     </span>
     <span class='ocr_line' id='line_1_4' title="bbox 293 733 908 811; baseline -0.007 -16"><span class='ocrx_word' id='word_1_14' title='bbox 293 735 480 811; x_wconf 81' lang='lat' dir='ltr'><strong>Praepositus</strong></span> <span class='ocrx_word' id='word_1_15' title='bbox 496 743 604 794; x_wconf 87' lang='lat' dir='ltr'><strong>sancto</strong></span> <span class='ocrx_word' id='word_1_16' title='bbox 616 733 709 809; x_wconf 86' lang='lat' dir='ltr'><strong>jussit</strong></span> <span class='ocrx_word' id='word_1_17' title='bbox 726 733 811 793; x_wconf 83' lang='lat' dir='ltr'><strong>ubire</strong></span> <span class='ocrx_word' id='word_1_18' title='bbox 825 735 908 793; x_wconf 89' lang='lat' dir='ltr'><strong>loco.</strong></span> 
     </span>
     <span class='ocr_line' id='line_1_5' title="bbox 251 838 949 915; baseline -0.003 -16"><span class='ocrx_word' id='word_1_19' title='bbox 251 841 353 899; x_wconf 77' lang='lat' dir='ltr'><strong>ultera</strong></span> <span class='ocrx_word' id='word_1_20' title='bbox 369 840 481 915; x_wconf 89' lang='lat' dir='ltr'><strong>templa</strong></span> <span class='ocrx_word' id='word_1_21' title='bbox 495 848 567 914; x_wconf 87' lang='lat' dir='ltr'><strong>peto</strong></span> <span class='ocrx_word' id='word_1_22' title='bbox 582 838 683 897; x_wconf 86' lang='lat' dir='ltr'><strong>vicino</strong></span> <span class='ocrx_word' id='word_1_23' title='bbox 691 839 799 912; x_wconf 83' lang='lat' dir='ltr'><strong>juncta</strong></span> <span class='ocrx_word' id='word_1_24' title='bbox 815 839 949 897; x_wconf 88' lang='lat' dir='ltr'><strong>theatro:</strong></span> 
     </span>
     <span class='ocr_line' id='line_1_6' title="bbox 294 940 1081 1018; baseline -0.008 -15"><span class='ocrx_word' id='word_1_25' title='bbox 294 944 364 1003; x_wconf 85' lang='lat' dir='ltr'><strong>llaeo</strong></span> <span class='ocrx_word' id='word_1_26' title='bbox 379 959 502 1018; x_wconf 84' lang='lat' dir='ltr'><strong>quoque</strong></span> <span class='ocrx_word' id='word_1_27' title='bbox 517 951 604 1001; x_wconf 89' lang='lat' dir='ltr'><strong>eraut</strong></span> <span class='ocrx_word' id='word_1_28' title='bbox 617 942 747 1017; x_wconf 87' lang='lat' dir='ltr'><strong>pedibus</strong></span> <span class='ocrx_word' id='word_1_29' title='bbox 762 960 823 1000; x_wconf 92' lang='lat' dir='ltr'><strong>non</strong></span> <span class='ocrx_word' id='word_1_30' title='bbox 839 943 977 1002; x_wconf 85' lang='lat' dir='ltr'><strong>adeunda</strong></span> <span class='ocrx_word' id='word_1_31' title='bbox 992 940 1081 1001; x_wconf 90' lang='lat' dir='ltr'><strong>meis.</strong></span> 
     </span>
     <span class='ocr_line' id='line_1_7' title="bbox 254 1047 1018 1125; baseline -0.003 -15"><span class='ocrx_word' id='word_1_32' title='bbox 254 1049 314 1110; x_wconf 86' lang='lat' dir='ltr'><strong>Nec</strong></span> <span class='ocrx_word' id='word_1_33' title='bbox 329 1066 388 1121; x_wconf 86' lang='lat' dir='ltr'><strong>me,</strong></span> <span class='ocrx_word' id='word_1_34' title='bbox 406 1065 475 1125; x_wconf 85' lang='lat' dir='ltr'><strong>quae</strong></span> <span class='ocrx_word' id='word_1_35' title='bbox 488 1048 588 1109; x_wconf 89' lang='lat' dir='ltr'><strong>doctis</strong></span> <span class='ocrx_word' id='word_1_36' title='bbox 602 1058 768 1125; x_wconf 85' lang='lat' dir='ltr'><strong>patuerunt</strong></span> <span class='ocrx_word' id='word_1_37' title='bbox 782 1047 879 1124; x_wconf 86' lang='lat' dir='ltr'><strong>primu</strong></span> <span class='ocrx_word' id='word_1_38' title='bbox 893 1047 1018 1119; x_wconf 84' lang='lat' dir='ltr'><strong>libellis,</strong></span> 
     </span>
     <span class='ocr_line' id='line_1_8' title="bbox 293 1154 913 1229; baseline -0.005 -14"><span class='ocrx_word' id='word_1_39' title='bbox 293 1155 375 1215; x_wconf 82' lang='lat' dir='ltr'><strong>Atria</strong></span> <span class='ocrx_word' id='word_1_40' title='bbox 389 1154 525 1214; x_wconf 87' lang='lat' dir='ltr'><strong>Libertas</strong></span> <span class='ocrx_word' id='word_1_41' title='bbox 539 1164 665 1229; x_wconf 87' lang='lat' dir='ltr'><strong>tangere</strong></span> <span class='ocrx_word' id='word_1_42' title='bbox 680 1169 769 1228; x_wconf 85' lang='lat' dir='ltr'><strong>passu</strong></span> <span class='ocrx_word' id='word_1_43' title='bbox 785 1169 840 1212; x_wconf 91' lang='lat' dir='ltr'><strong>sua</strong></span> <span class='ocrx_word' id='word_1_44' title='bbox 855 1162 913 1212; x_wconf 89' lang='lat' dir='ltr'><strong>est.</strong></span> 
     </span>
     <span class='ocr_line' id='line_1_9' title="bbox 254 1257 982 1337; baseline -0.004 -17"><span class='ocrx_word' id='word_1_45' title='bbox 254 1261 286 1320; x_wconf 93' lang='lat' dir='ltr'><strong>ln</strong></span> <span class='ocrx_word' id='word_1_46' title='bbox 300 1276 397 1337; x_wconf 86' lang='lat' dir='ltr'><strong>genus</strong></span> <span class='ocrx_word' id='word_1_47' title='bbox 412 1257 547 1318; x_wconf 86' lang='lat' dir='ltr'><strong>auctoris</strong></span> <span class='ocrx_word' id='word_1_48' title='bbox 562 1257 664 1316; x_wconf 92' lang='lat' dir='ltr'><strong>miseri</strong></span> <span class='ocrx_word' id='word_1_49' title='bbox 680 1257 802 1317; x_wconf 88' lang='lat' dir='ltr'><strong>fortuna</strong></span> <span class='ocrx_word' id='word_1_50' title='bbox 818 1258 982 1328; x_wconf 86' lang='lat' dir='ltr'><strong>redundat,</strong></span> 
     </span>
     <span class='ocr_line' id='line_1_10' title="bbox 296 1361 956 1442; baseline -0.006 -18"><span class='ocrx_word' id='word_1_51' title='bbox 296 1368 333 1424; x_wconf 84' lang='lat' dir='ltr'><strong>lit</strong></span> <span class='ocrx_word' id='word_1_52' title='bbox 348 1363 482 1442; x_wconf 86' lang='lat' dir='ltr'><strong>patimur</strong></span> <span class='ocrx_word' id='word_1_53' title='bbox 495 1362 558 1422; x_wconf 84' lang='lat' dir='ltr'><strong>nati</strong></span> <span class='ocrx_word' id='word_1_54' title='bbox 573 1378 664 1437; x_wconf 84' lang='lat' dir='ltr'><strong>quam</strong></span> <span class='ocrx_word' id='word_1_55' title='bbox 678 1361 748 1421; x_wconf 91' lang='lat' dir='ltr'><strong>tulit</strong></span> <span class='ocrx_word' id='word_1_56' title='bbox 762 1361 828 1437; x_wconf 91' lang='lat' dir='ltr'><strong>ipse</strong></span> <span class='ocrx_word' id='word_1_57' title='bbox 843 1361 956 1438; x_wconf 86' lang='lat' dir='ltr'><strong>fugam.</strong></span> 
     </span>
     <span class='ocr_line' id='line_1_11' title="bbox 254 1465 963 1542; baseline -0.006 -14"><span class='ocrx_word' id='word_1_58' title='bbox 254 1468 392 1529; x_wconf 82' lang='lat' dir='ltr'><strong>Forsitan</strong></span> <span class='ocrx_word' id='word_1_59' title='bbox 406 1479 437 1527; x_wconf 89' lang='lat' dir='ltr'><strong>et</strong></span> <span class='ocrx_word' id='word_1_60' title='bbox 451 1467 540 1527; x_wconf 91' lang='lat' dir='ltr'><strong>nohis</strong></span> <span class='ocrx_word' id='word_1_61' title='bbox 555 1465 627 1525; x_wconf 95' lang='lat' dir='ltr'><strong>olim</strong></span> <span class='ocrx_word' id='word_1_62' title='bbox 642 1465 742 1525; x_wconf 91' lang='lat' dir='ltr'><strong>miuus</strong></span> <span class='ocrx_word' id='word_1_63' title='bbox 757 1482 859 1542; x_wconf 81' lang='lat' dir='ltr'><strong>asper,</strong></span> <span class='ocrx_word' id='word_1_64' title='bbox 875 1477 907 1525; x_wconf 89' lang='lat' dir='ltr'><strong>et</strong></span> <span class='ocrx_word' id='word_1_65' title='bbox 921 1466 963 1524; x_wconf 91' lang='lat' dir='ltr'><strong>illi</strong></span> 
     </span>
     <span class='ocr_line' id='line_1_12' title="bbox 295 1572 880 1650; baseline -0.002 -16"><span class='ocrx_word' id='word_1_66' title='bbox 295 1574 417 1634; x_wconf 81' lang='lat' dir='ltr'><strong>Evictus</strong></span> <span class='ocrx_word' id='word_1_67' title='bbox 431 1576 525 1650; x_wconf 89' lang='lat' dir='ltr'><strong>longo</strong></span> <span class='ocrx_word' id='word_1_68' title='bbox 540 1583 680 1649; x_wconf 86' lang='lat' dir='ltr'><strong>tempore</strong></span> <span class='ocrx_word' id='word_1_69' title='bbox 694 1572 795 1632; x_wconf 85' lang='lat' dir='ltr'><strong>Caesar</strong></span> <span class='ocrx_word' id='word_1_70' title='bbox 810 1572 880 1633; x_wconf 88' lang='lat' dir='ltr'><strong>erit.</strong></span> 
     </span>
     <span class='ocr_line' id='line_1_13' title="bbox 256 1680 1268 1760; baseline 0.001 -18"><span class='ocrx_word' id='word_1_71' title='bbox 256 1683 289 1742; x_wconf 81' lang='lat' dir='ltr'><strong>lli</strong></span> <span class='ocrx_word' id='word_1_72' title='bbox 303 1698 425 1759; x_wconf 82' lang='lat' dir='ltr'><strong>precor,</strong></span> <span class='ocrx_word' id='word_1_73' title='bbox 442 1692 533 1757; x_wconf 88' lang='lat' dir='ltr'><strong>atque</strong></span> <span class='ocrx_word' id='word_1_74' title='bbox 543 1681 632 1753; x_wconf 84' lang='lat' dir='ltr'><strong>adeo,</strong></span> <span class='ocrx_word' id='word_1_75' title='bbox 649 1680 845 1756; x_wconf 86' lang='lat' dir='ltr'><strong>nequeenim</strong></span> <span class='ocrx_word' id='word_1_76' title='bbox 859 1681 932 1740; x_wconf 85' lang='lat' dir='ltr'><strong>milri</strong></span> <span class='ocrx_word' id='word_1_77' title='bbox 947 1684 1036 1743; x_wconf 86' lang='lat' dir='ltr'><strong>turba</strong></span> <span class='ocrx_word' id='word_1_78' title='bbox 1050 1684 1192 1760; x_wconf 84' lang='lat' dir='ltr'><strong>roganda</strong></span> <span class='ocrx_word' id='word_1_79' title='bbox 1209 1695 1268 1755; x_wconf 85' lang='lat' dir='ltr'><strong>est,</strong></span> 
     </span>
     <span class='ocr_line' id='line_1_14' title="bbox 297 1785 935 1858; baseline 0 -12"><span class='ocrx_word' id='word_1_80' title='bbox 297 1786 409 1858; x_wconf 82' lang='lat' dir='ltr'><strong>Caesar,</strong></span> <span class='ocrx_word' id='word_1_81' title='bbox 425 1787 498 1846; x_wconf 90' lang='lat' dir='ltr'><strong>ades</strong></span> <span class='ocrx_word' id='word_1_82' title='bbox 513 1796 596 1858; x_wconf 84' lang='lat' dir='ltr'><strong>voto,</strong></span> <span class='ocrx_word' id='word_1_83' title='bbox 614 1785 744 1846; x_wconf 81' lang='lat' dir='ltr'><strong>maxime</strong></span> <span class='ocrx_word' id='word_1_84' title='bbox 758 1785 837 1858; x_wconf 87' lang='lat' dir='ltr'><strong>dive,</strong></span> <span class='ocrx_word' id='word_1_85' title='bbox 854 1787 935 1846; x_wconf 89' lang='lat' dir='ltr'><strong>meo!</strong></span> 
     </span>
     <span class='ocr_line' id='line_1_15' title="bbox 256 1890 1065 1969; baseline 0 -17"><span class='ocrx_word' id='word_1_86' title='bbox 256 1896 385 1964; x_wconf 87' lang='lat' dir='ltr'><strong>interea,</strong></span> <span class='ocrx_word' id='word_1_87' title='bbox 401 1892 493 1952; x_wconf 86' lang='lat' dir='ltr'><strong>statio</strong></span> <span class='ocrx_word' id='word_1_88' title='bbox 508 1891 652 1968; x_wconf 85' lang='lat' dir='ltr'><strong>quonium</strong></span> <span class='ocrx_word' id='word_1_89' title='bbox 667 1891 739 1950; x_wconf 89' lang='lat' dir='ltr'><strong>mihi</strong></span> <span class='ocrx_word' id='word_1_90' title='bbox 754 1890 875 1969; x_wconf 85' lang='lat' dir='ltr'><strong>publica</strong></span> <span class='ocrx_word' id='word_1_91' title='bbox 890 1893 994 1953; x_wconf 87' lang='lat' dir='ltr'><strong>clausa</strong></span> <span class='ocrx_word' id='word_1_92' title='bbox 1008 1904 1065 1964; x_wconf 88' lang='lat' dir='ltr'><strong>est,</strong></span> 
     </span>
     <span class='ocr_line' id='line_1_16' title="bbox 298 2000 788 2062; baseline -0.004 -1"><span class='ocrx_word' id='word_1_93' title='bbox 298 2001 417 2062; x_wconf 86' lang='lat' dir='ltr'><strong>Privato</strong></span> <span class='ocrx_word' id='word_1_94' title='bbox 431 2002 521 2061; x_wconf 87' lang='lat' dir='ltr'><strong>liceat</strong></span> <span class='ocrx_word' id='word_1_95' title='bbox 536 2000 691 2062; x_wconf 89' lang='lat' dir='ltr'><strong>delituisse</strong></span> <span class='ocrx_word' id='word_1_96' title='bbox 705 2002 788 2061; x_wconf 90' lang='lat' dir='ltr'><strong>loco.</strong></span> 
     </span>
     <span class='ocr_line' id='line_1_17' title="bbox 257 2109 1065 2188; baseline -0.001 -19"><span class='ocrx_word' id='word_1_97' title='bbox 257 2111 317 2169; x_wconf 89' lang='lat' dir='ltr'><strong>Vos</strong></span> <span class='ocrx_word' id='word_1_98' title='bbox 332 2126 466 2188; x_wconf 85' lang='lat' dir='ltr'><strong>quoque,</strong></span> <span class='ocrx_word' id='word_1_99' title='bbox 482 2109 507 2168; x_wconf 88' lang='lat' dir='ltr'><strong>si</strong></span> <span class='ocrx_word' id='word_1_100' title='bbox 521 2109 566 2167; x_wconf 86' lang='lat' dir='ltr'><strong>ius</strong></span> <span class='ocrx_word' id='word_1_101' title='bbox 581 2117 639 2180; x_wconf 89' lang='lat' dir='ltr'><strong>est,</strong></span> <span class='ocrx_word' id='word_1_102' title='bbox 655 2109 783 2168; x_wconf 85' lang='lat' dir='ltr'><strong>confusa</strong></span> <span class='ocrx_word' id='word_1_103' title='bbox 797 2109 916 2185; x_wconf 91' lang='lat' dir='ltr'><strong>pudore</strong></span> <span class='ocrx_word' id='word_1_104' title='bbox 932 2110 1065 2185; x_wconf 81' lang='lat' dir='ltr'><strong>repulsae</strong></span> 
     </span>
     <span class='ocr_line' id='line_1_18' title="bbox 298 2210 1001 2290; baseline -0.006 -16"><span class='ocrx_word' id='word_1_105' title='bbox 298 2212 424 2285; x_wconf 78' lang='lat' dir='ltr'><strong>Sumite,</strong></span> <span class='ocrx_word' id='word_1_106' title='bbox 441 2211 581 2290; x_wconf 82' lang='lat' dir='ltr'><strong>plebeiae,</strong></span> <span class='ocrx_word' id='word_1_107' title='bbox 597 2210 733 2270; x_wconf 85' lang='lat' dir='ltr'><strong>carmina</strong></span> <span class='ocrx_word' id='word_1_108' title='bbox 746 2220 863 2282; x_wconf 87' lang='lat' dir='ltr'><strong>nostra,</strong></span> <span class='ocrx_word' id='word_1_109' title='bbox 881 2227 1001 2272; x_wconf 84' lang='lat' dir='ltr'><strong>munus.</strong></span> 
     </span>
    </p>
   </div>
   <div class='ocr_carea' id='block_1_3' title="bbox 595 2431 847 2486">
    <p class='ocr_par' dir='ltr' id='par_1_3' title="bbox 595 2431 847 2486">
     <span class='ocr_line' id='line_1_19' title="bbox 595 2431 847 2486; baseline -0.004 0"><span class='ocrx_word' id='word_1_110' title='bbox 595 2431 769 2486; x_wconf 73' lang='lat' dir='ltr'><strong>ELEfflA</strong></span> <span class='ocrx_word' id='word_1_111' title='bbox 790 2432 847 2486; x_wconf 84' lang='lat'><strong>11.</strong></span> 
     </span>
    </p>
   </div>
   <div class='ocr_carea' id='block_1_4' title="bbox 256 2640 1114 3783">
    <p class='ocr_par' dir='ltr' id='par_1_4' title="bbox 257 2640 1107 2822">
     <span class='ocr_line' id='line_1_20' title="bbox 257 2640 1107 2719; baseline 0.001 -18"><span class='ocrx_word' id='word_1_112' title='bbox 257 2640 337 2719; x_wconf 84' lang='lat' dir='ltr'><strong>Ergo</strong></span> <span class='ocrx_word' id='word_1_113' title='bbox 352 2640 463 2701; x_wconf 88' lang='lat' dir='ltr'><strong>eratin</strong></span> <span class='ocrx_word' id='word_1_114' title='bbox 477 2640 546 2700; x_wconf 86' lang='lat' dir='ltr'><strong>latis</strong></span> <span class='ocrx_word' id='word_1_115' title='bbox 561 2641 714 2717; x_wconf 86' lang='lat' dir='ltr'><strong>Scythiam</strong></span> <span class='ocrx_word' id='word_1_116' title='bbox 729 2659 853 2717; x_wconf 86' lang='lat' dir='ltr'><strong>quoque</strong></span> <span class='ocrx_word' id='word_1_117' title='bbox 867 2642 966 2702; x_wconf 81' lang='lat' dir='ltr'><strong>risere</strong></span> <span class='ocrx_word' id='word_1_118' title='bbox 980 2644 1107 2714; x_wconf 87' lang='lat' dir='ltr'><strong>uostris,</strong></span> 
     </span>
     <span class='ocr_line' id='line_1_21' title="bbox 299 2744 948 2822; baseline 0.002 -17"><span class='ocrx_word' id='word_1_119' title='bbox 299 2747 433 2820; x_wconf 81' lang='lat' dir='ltr'><strong>Quaeque</strong></span> <span class='ocrx_word' id='word_1_120' title='bbox 447 2744 599 2820; x_wconf 82' lang='lat' dir='ltr'><strong>Lycaonio</strong></span> <span class='ocrx_word' id='word_1_121' title='bbox 613 2755 695 2806; x_wconf 87' lang='lat' dir='ltr'><strong>terra</strong></span> <span class='ocrx_word' id='word_1_122' title='bbox 709 2747 767 2806; x_wconf 90' lang='lat' dir='ltr'><strong>sub</strong></span> <span class='ocrx_word' id='word_1_123' title='bbox 782 2763 839 2805; x_wconf 79' lang='lat' dir='ltr'><strong>ase</strong></span> <span class='ocrx_word' id='word_1_124' title='bbox 850 2748 948 2822; x_wconf 78' lang='lat' dir='ltr'><strong>jacet?</strong></span> 
     </span>
    </p>

    <p class='ocr_par' dir='ltr' id='par_1_5' title="bbox 259 2849 1015 3036">
     <span class='ocr_line' id='line_1_22' title="bbox 259 2849 1015 2929; baseline 0.001 -17"><span class='ocrx_word' id='word_1_125' title='bbox 259 2851 320 2912; x_wconf 90' lang='lat' dir='ltr'><strong>Neo</strong></span> <span class='ocrx_word' id='word_1_126' title='bbox 335 2867 401 2922; x_wconf 88' lang='lat' dir='ltr'><strong>vos,</strong></span> <span class='ocrx_word' id='word_1_127' title='bbox 418 2849 563 2922; x_wconf 86' lang='lat' dir='ltr'><strong>Pierides,</strong></span> <span class='ocrx_word' id='word_1_128' title='bbox 579 2867 637 2911; x_wconf 85' lang='lat' dir='ltr'><strong>uec</strong></span> <span class='ocrx_word' id='word_1_129' title='bbox 652 2851 745 2929; x_wconf 88' lang='lat' dir='ltr'><strong>stirps</strong></span> <span class='ocrx_word' id='word_1_130' title='bbox 760 2851 895 2923; x_wconf 88' lang='lat' dir='ltr'><strong>Latonia,</strong></span> <span class='ocrx_word' id='word_1_131' title='bbox 913 2862 1015 2913; x_wconf 88' lang='lat' dir='ltr'><strong>vestro</strong></span> 
     </span>
     <span class='ocr_line' id='line_1_23' title="bbox 299 2958 953 3036; baseline 0 -18"><span class='ocrx_word' id='word_1_132' title='bbox 299 2960 405 3031; x_wconf 83' lang='lat' dir='ltr'><strong>Docta,</strong></span> <span class='ocrx_word' id='word_1_133' title='bbox 422 2958 586 3032; x_wconf 83' lang='lat' dir='ltr'><strong>sacerdoti,</strong></span> <span class='ocrx_word' id='word_1_134' title='bbox 603 2961 704 3030; x_wconf 86' lang='lat' dir='ltr'><strong>turba,</strong></span> <span class='ocrx_word' id='word_1_135' title='bbox 721 2958 832 3019; x_wconf 90' lang='lat' dir='ltr'><strong>tulistis</strong></span> <span class='ocrx_word' id='word_1_136' title='bbox 848 2961 953 3036; x_wconf 81' lang='lat' dir='ltr'><strong>opem?</strong></span> 
     </span>
    </p>

    <p class='ocr_par' dir='ltr' id='par_1_6' title="bbox 256 3066 1042 3249">
     <span class='ocr_line' id='line_1_24' title="bbox 256 3066 1042 3146; baseline 0.005 -19"><span class='ocrx_word' id='word_1_137' title='bbox 256 3068 316 3128; x_wconf 84' lang='lat' dir='ltr'><strong>Neo</strong></span> <span class='ocrx_word' id='word_1_138' title='bbox 332 3067 405 3126; x_wconf 91' lang='lat' dir='ltr'><strong>mihi</strong></span> <span class='ocrx_word' id='word_1_139' title='bbox 419 3068 504 3143; x_wconf 86' lang='lat' dir='ltr'><strong>quod</strong></span> <span class='ocrx_word' id='word_1_140' title='bbox 517 3067 577 3126; x_wconf 90' lang='lat' dir='ltr'><strong>lusi</strong></span> <span class='ocrx_word' id='word_1_141' title='bbox 592 3083 665 3126; x_wconf 86' lang='lat' dir='ltr'><strong>voro</strong></span> <span class='ocrx_word' id='word_1_142' title='bbox 680 3066 746 3126; x_wconf 89' lang='lat' dir='ltr'><strong>siue</strong></span> <span class='ocrx_word' id='word_1_143' title='bbox 762 3067 889 3127; x_wconf 89' lang='lat' dir='ltr'><strong>crimine</strong></span> <span class='ocrx_word' id='word_1_144' title='bbox 904 3071 1042 3146; x_wconf 86' lang='lat' dir='ltr'><strong>prodest,</strong></span> 
     </span>
     <span class='ocr_line' id='line_1_25' title="bbox 298 3171 1001 3249; baseline 0.001 -15"><span class='ocrx_word' id='word_1_145' title='bbox 298 3174 445 3249; x_wconf 82' lang='lat' dir='ltr'><strong>Quodque</strong></span> <span class='ocrx_word' id='word_1_146' title='bbox 460 3172 556 3248; x_wconf 87' lang='lat' dir='ltr'><strong>magis</strong></span> <span class='ocrx_word' id='word_1_147' title='bbox 571 3171 630 3231; x_wconf 90' lang='lat' dir='ltr'><strong>vita</strong></span> <span class='ocrx_word' id='word_1_148' title='bbox 644 3172 729 3231; x_wconf 89' lang='lat' dir='ltr'><strong>Musa</strong></span> <span class='ocrx_word' id='word_1_149' title='bbox 739 3173 848 3248; x_wconf 87' lang='lat' dir='ltr'><strong>jocosa</strong></span> <span class='ocrx_word' id='word_1_150' title='bbox 863 3191 929 3234; x_wconf 84' lang='lat' dir='ltr'><strong>mea</strong></span> <span class='ocrx_word' id='word_1_151' title='bbox 944 3186 1001 3236; x_wconf 89' lang='lat' dir='ltr'><strong>est.</strong></span> 
     </span>
    </p>

    <p class='ocr_par' dir='ltr' id='par_1_7' title="bbox 257 3277 1026 3462">
     <span class='ocr_line' id='line_1_26' title="bbox 257 3277 1026 3358; baseline 0.004 -20"><span class='ocrx_word' id='word_1_152' title='bbox 257 3279 388 3341; x_wconf 83' lang='lat' dir='ltr'><strong>Plurima</strong></span> <span class='ocrx_word' id='word_1_153' title='bbox 404 3279 458 3338; x_wconf 89' lang='lat' dir='ltr'><strong>sed</strong></span> <span class='ocrx_word' id='word_1_154' title='bbox 473 3277 582 3354; x_wconf 82' lang='lat' dir='ltr'><strong>pelago</strong></span> <span class='ocrx_word' id='word_1_155' title='bbox 596 3285 739 3354; x_wconf 85' lang='lat' dir='ltr'><strong>terraque</strong></span> <span class='ocrx_word' id='word_1_156' title='bbox 751 3278 888 3355; x_wconf 88' lang='lat' dir='ltr'><strong>pericula</strong></span> <span class='ocrx_word' id='word_1_157' title='bbox 902 3297 1026 3358; x_wconf 89' lang='lat' dir='ltr'><strong>passum</strong></span> 
     </span>
     <span class='ocr_line' id='line_1_27' title="bbox 298 3383 960 3462; baseline -0.002 -15"><span class='ocrx_word' id='word_1_158' title='bbox 298 3388 390 3448; x_wconf 91' lang='lat' dir='ltr'><strong>Ustus</strong></span> <span class='ocrx_word' id='word_1_159' title='bbox 404 3385 442 3444; x_wconf 89' lang='lat' dir='ltr'><strong>ah</strong></span> <span class='ocrx_word' id='word_1_160' title='bbox 457 3383 586 3445; x_wconf 87' lang='lat' dir='ltr'><strong>adsiduo</strong></span> <span class='ocrx_word' id='word_1_161' title='bbox 600 3383 714 3462; x_wconf 82' lang='lat' dir='ltr'><strong>frigore</strong></span> <span class='ocrx_word' id='word_1_162' title='bbox 728 3387 843 3446; x_wconf 89' lang='lat' dir='ltr'><strong>Pontus</strong></span> <span class='ocrx_word' id='word_1_163' title='bbox 857 3387 960 3447; x_wconf 86' lang='lat' dir='ltr'><strong>habet.</strong></span> 
     </span>
    </p>

    <p class='ocr_par' dir='ltr' id='par_1_8' title="bbox 257 3492 1015 3675">
     <span class='ocr_line' id='line_1_28' title="bbox 257 3492 1015 3570; baseline 0.004 -19"><span class='ocrx_word' id='word_1_164' title='bbox 257 3493 373 3569; x_wconf 80' lang='lat' dir='ltr'><strong>Quique</strong></span> <span class='ocrx_word' id='word_1_165' title='bbox 387 3492 480 3570; x_wconf 82' lang='lat' dir='ltr'><strong>fugax</strong></span> <span class='ocrx_word' id='word_1_166' title='bbox 494 3508 597 3552; x_wconf 90' lang='lat' dir='ltr'><strong>rerum</strong></span> <span class='ocrx_word' id='word_1_167' title='bbox 609 3508 778 3569; x_wconf 86' lang='lat' dir='ltr'><strong>securaque</strong></span> <span class='ocrx_word' id='word_1_168' title='bbox 792 3494 823 3552; x_wconf 91' lang='lat' dir='ltr'><strong>iu</strong></span> <span class='ocrx_word' id='word_1_169' title='bbox 840 3493 900 3553; x_wconf 87' lang='lat' dir='ltr'><strong>otia</strong></span> <span class='ocrx_word' id='word_1_170' title='bbox 915 3504 1015 3565; x_wconf 88' lang='lat' dir='ltr'><strong>natus,</strong></span> 
     </span>
     <span class='ocr_line' id='line_1_29' title="bbox 298 3597 940 3675; baseline 0.003 -18"><span class='ocrx_word' id='word_1_171' title='bbox 298 3597 396 3657; x_wconf 91' lang='lat' dir='ltr'><strong>Mollis</strong></span> <span class='ocrx_word' id='word_1_172' title='bbox 411 3608 441 3658; x_wconf 90' lang='lat' dir='ltr'><strong>et</strong></span> <span class='ocrx_word' id='word_1_173' title='bbox 454 3597 616 3675; x_wconf 87' lang='lat' dir='ltr'><strong>impatiens</strong></span> <span class='ocrx_word' id='word_1_174' title='bbox 630 3608 701 3658; x_wconf 89' lang='lat' dir='ltr'><strong>ante</strong></span> <span class='ocrx_word' id='word_1_175' title='bbox 716 3599 830 3660; x_wconf 83' lang='lat' dir='ltr'><strong>laboris</strong></span> <span class='ocrx_word' id='word_1_176' title='bbox 845 3616 940 3671; x_wconf 88' lang='lat' dir='ltr'><strong>eram,</strong></span> 
     </span>
    </p>

    <p class='ocr_par' dir='ltr' id='par_1_9' title="bbox 257 3703 1114 3783">
     <span class='ocr_line' id='line_1_30' title="bbox 257 3703 1114 3783; baseline 0.005 -19"><span class='ocrx_word' id='word_1_177' title='bbox 257 3703 366 3765; x_wconf 88' lang='lat' dir='ltr'><strong>Ultima</strong></span> <span class='ocrx_word' id='word_1_178' title='bbox 380 3721 462 3766; x_wconf 88' lang='lat' dir='ltr'><strong>nuuc</strong></span> <span class='ocrx_word' id='word_1_179' title='bbox 477 3705 587 3782; x_wconf 88' lang='lat' dir='ltr'><strong>patior;</strong></span> <span class='ocrx_word' id='word_1_180' title='bbox 606 3723 662 3766; x_wconf 87' lang='lat' dir='ltr'><strong>nec</strong></span> <span class='ocrx_word' id='word_1_181' title='bbox 677 3723 726 3768; x_wconf 91' lang='lat' dir='ltr'><strong>me</strong></span> <span class='ocrx_word' id='word_1_182' title='bbox 741 3723 824 3766; x_wconf 82' lang='lat' dir='ltr'><strong>mare</strong></span> <span class='ocrx_word' id='word_1_183' title='bbox 838 3707 989 3783; x_wconf 88' lang='lat' dir='ltr'><strong>portubus</strong></span> <span class='ocrx_word' id='word_1_184' title='bbox 1005 3708 1114 3768; x_wconf 88' lang='lat' dir='ltr'><strong>orbum</strong></span> 
     </span>
    </p>
   </div>
   <div class='ocr_carea' id='block_1_5' title="bbox 0 0 1481 5002">
    <p class='ocr_par' dir='ltr' id='par_1_10' title="bbox 0 0 1481 5002">
     <span class='ocr_line' id='line_1_31' title="bbox 0 0 1481 5002; baseline 0 0"><span class='ocrx_word' id='word_1_185' title='bbox 0 0 1481 5002; x_wconf 95' lang='lat' dir='ltr'><strong> </strong></span> 
     </span>
    </p>
   </div>
  </div>
 </body>
</html>
