2932 4996
717 375 837 433 ,65-

256 552 259 557 .
303 509 348 567 Ex
366 507 413 566 his
437 522 486 565 me
497 506 607 581 jubeas
623 504 760 581 quolibet
777 503 821 564 ire
836 504 923 564 iouis.

259 619 319 679 Nec
336 619 460 689 (uelum,
478 634 535 676 nec
552 632 641 691 uquae
656 615 781 686 iaciunt,
799 625 960 688 necteria,
979 631 1036 675 neu
1058 631 1153 686 uui-Q

299 725 335 783 Et
355 723 426 783 mihi
440 734 608 800 perpetuus
623 738 755 800 uunporu
766 723 896 800 languor
910 723 1012 782 habet.

263 832 323 890 Suu
339 830 445 891 vitiant
459 841 545 891 unus
561 846 655 908 aegnae
669 829 810 907 contagia
825 829 947 901 mentis,

303 937 371 998 Sive
387 938 446 999 mei
459 955 552 999 causa
567 938 656 999 estin
671 937 797 1016 regione
811 937 892 999 muli:

259 1049 298 1108 Ut
308 1047 394 1126 tetigi
408 1049 549 1120 Pontum,
567 1059 678 1109 vexant
693 1047 854 1108 insomnia:
870 1047 982 1126 vixque

301 1155 375 1215 Ossa
389 1154 465 1232 tegit
486 1155 609 1227 munies,
627 1171 684 1214 nec
698 1155 786 1229 juvat
800 1171 855 1213 unu
869 1154 968 1214 cibus.

262 1262 378 1340 Quique
395 1279 451 1338 pen
465 1272 645 1322 autumnum
662 1259 818 1338 percussis
833 1259 948 1337 frigore
964 1262 1065 1338 puisun

304 1370 357 1430 Est
372 1371 459 1430 cuiun
477 1370 507 1428 in
523 1368 614 1442 iuliis,
631 1384 701 1445 quae
715 1384 794 1430 nova
811 1367 889 1429 laesit
903 1369 1020 1446 hyems,

260 1478 288 1536 ls
302 1493 368 1536 rnen
391 1477 529 1536 membru
546 1486 641 1535 senet:
661 1492 718 1534 neu
735 1473 850 1535 viribus
868 1475 995 1536 adlevor
1007 1474 1088 1548 nilis,

301 1582 338 1642 Ει
351 1597 508 1658 uunquam
525 1580 646 1657 queruli
661 1596 754 1640 enusn
768 1579 885 1641 doloris
902 1581 1000 1642 abest.

258 1690 319 1749 Nec
333 1688 441 1749 meiius
454 1689 540 1748 valeo
558 1703 649 1765 quam
664 1703 807 1764 conpone,
825 1698 938 1761 mente3
957 1689 1012 1750 sed
1028 1704 1111 1766 aegnu
1126 1701 1173 1750 est

304 1796 438 1871 Utraque
454 1810 527 1871 pars
542 1810 642 1870 aeque,
661 1793 794 1870 binaque
809 1794 919 1854 damna
933 1794 1010 1854 seru.

261 1903 374 1974 Haeret,
393 1913 424 1964 et
439 1912 510 1961 ante
525 1901 644 1971 oculos,
661 1899 755 1959 veluti
770 1899 940 1976 spectabile
956 1916 1081 1976 corpus,

248 2043 252 2050 ·
303 2010 410 2068 Adstat
432 2007 566 2066 fortunae
580 2006 678 2066 formu
691 2006 821 2083 legenda
834 2021 921 2066 meae.

260 2118 423 2191 Quumque
442 2115 557 2187 lucum,
571 2130 736 2190 moresque
746 2113 915 2187 huminum,
929 2114 1102 2191 cultusque,
1119 2131 1291 2193 sonumque

303 2220 473 2293 Cernimus
493 2232 523 2281 et
539 2220 612 2298 quid
627 2219 695 2294 sim,
712 2219 786 2297 quid
801 2220 972 2298 fuerimque
986 2220 1078 2293 subin

262 2330 376 2389 Tunius
391 2343 480 2386 amon
494 2327 578 2388 necis
596 2338 655 2400 est,
672 2343 784 2405 querar
802 2337 836 2388 ut
850 2327 888 2388 de
899 2326 1026 2389 cesaris
1039 2327 1094 2400 ira,

305 2433 392 2503 Quod
407 2449 469 2491 non
487 2432 619 2491 offensas
633 2431 767 2491 vindicet
780 2447 854 2491 ense
869 2447 950 2492 suas.

262 2542 310 2612 At,
329 2539 474 2615 quonium
489 2539 584 2599 semel
600 2548 648 2598 est
662 2537 733 2598 odio
748 2537 876 2598 civiliter
890 2555 975 2610 usus,

304 2646 419 2704 Mutato
434 2643 530 2704 levior
545 2643 583 2703 sit
597 2643 669 2720 fuga
683 2653 788 2707 nostru
803 2644 883 2704 lucu.

586 2869 769 2927 unum
786 2870 859 2925 Π.

268 3077 321 3137 Hic
336 3095 459 3155 quoque
475 3088 547 3140 sunt
561 3080 654 3157 igitur
668 3080 776 3153 unuin,
792 3080 862 3158 quis
874 3079 1017 3142 credere?
1030 3081 1134 3155 urbes,

305 3185 387 3244 inter
408 3184 583 3245 inhumanae
598 3186 722 3246 nomina
738 3184 903 3247 barbanu?

264 3296 328 3355 linc
344 3311 467 3370 qunque
481 3295 583 3354 Mileto
597 3295 681 3355 missi
695 3312 807 3356 uenere
818 3296 931 3367 unioni,

304 3403 398 3476 inque
413 3398 496 3458 Getis
514 3399 616 3459 Graias
629 3401 817 3462 constituere
832 3404 951 3463 domos.

263 3512 323 3572 Sed
338 3520 425 3570 vuius
439 3509 509 3569 huie
525 3527 649 3584 numen,
666 3509 829 3590 positaque
843 3515 998 3591 antiquius
1013 3516 1101 3588 urhe,

307 3618 432 3678 Constat
445 3619 484 3678 nb
501 3617 623 3695 Absyrti
638 3622 723 3681 caede
738 3621 843 3695 fuisse,
860 3624 942 3683 locu.

263 3727 336 3789 Num
353 3736 428 3798 rute,
444 3741 519 3801 quae
535 3742 609 3789 euru
624 3726 774 3806 pugnacis
789 3727 867 3791 fautu
881 3729 1033 3805 Minervae,
