2932 5002
724 358 853 458 -lrss

309 533 504 594 Adsuescunt
518 529 599 591 oculi
614 531 709 591 multa
722 530 865 607 pudenda
879 529 953 606 pati.

266 643 404 719 cumque
418 639 524 701 fefellit
538 656 643 701 amans
656 639 755 715 aliqua
770 638 904 699 novitate
917 636 1070 709 maritum,

305 749 471 810 Plauditur:
488 759 519 809 et
532 764 643 825 magno
658 750 759 824 palma
774 747 878 807 favore
893 747 993 807 datur.

262 858 412 933 Quodque
425 856 525 916 minus
538 856 677 933 prodest,
693 871 785 932 poena
800 864 848 914 est
862 855 984 914 lucrosa
998 864 1110 932 poetae:

303 964 458 1038 Tantaque
472 978 534 1020 non
548 977 642 1037 parvo
657 959 784 1020 crimina
798 969 915 1036 praetor
929 958 1013 1019 emit.

265 1067 387 1144 Inspice
402 1068 544 1127 ludorum
559 1075 712 1142 sumptus,
728 1066 874 1142 Auguste,
890 1075 1027 1125 tuorum:

309 1174 417 1250 Empta
432 1172 486 1233 tibi
499 1188 610 1249 magno
626 1172 697 1232 talia
711 1172 807 1230 multa
821 1171 917 1246 leges.

273 1283 344 1343 llaec
358 1292 392 1342 tu
408 1281 565 1359 spectasti,
582 1279 811 1357 spectandaque
825 1294 908 1355 saepe
923 1277 1043 1341 dedisti.

310 1391 451 1467 Majestas
466 1391 544 1451 adeo
559 1389 656 1450 cornis
671 1387 785 1464 ubique
800 1398 852 1448 tua
867 1397 925 1448 est.

268 1497 505 1574 Luminibusque
519 1497 590 1571 tuis,
607 1507 690 1558 totus
705 1496 816 1573 quibus
830 1495 927 1557 utitur
941 1495 1036 1568 orbis,

306 1603 432 1663 Scenica
446 1602 547 1663 vidisti
561 1603 662 1663 lentus
677 1601 836 1663 adulteria.

270 1708 412 1769 Scribere
425 1707 451 1767 si
464 1707 509 1776 fas
524 1718 572 1768 est
584 1707 737 1767 imitantes
752 1706 853 1784 turpia
868 1706 979 1779 minos,

308 1813 441 1875 Materiae
455 1813 555 1873 minor
569 1824 617 1874 est
631 1812 732 1874 debita
745 1829 839 1889 poena
853 1828 941 1872 meae.

274 1922 319 1980 dn
335 1937 432 1998 genus
447 1921 506 1980 hoc
521 1920 627 1997 scripti
640 1919 755 1979 iaciunt
769 1935 824 1979 sua
837 1919 955 1995 pulpita
968 1929 1079 1990 tutum,

309 2029 457 2103 Quodque
472 2027 556 2100 libet,
573 2026 672 2087 mimis
687 2044 779 2088 scena
790 2027 883 2087 licere
897 2026 994 2088 dediti

266 2135 306 2194 Et
322 2150 389 2193 mea
404 2143 476 2194 sunt
491 2134 608 2211 populo
623 2136 731 2194 saltata
745 2143 888 2210 poemata
902 2150 997 2212 saepe:

308 2242 395 2318 Saepe
410 2243 519 2303 oculos
534 2241 623 2302 etiam
639 2241 798 2302 detinuere
812 2252 894 2302 tuos.

263 2347 387 2408 Scilicet
402 2347 433 2407 in
449 2348 591 2409 domibus
605 2349 717 2411 vestris
729 2358 763 2409 ut
775 2348 878 2425 prisca
892 2349 1028 2410 virorum

308 2451 421 2513 drtifioi
436 2453 555 2530 fulgent
570 2469 701 2531 corpora
715 2453 799 2530 picta
813 2469 918 2525 manu;

263 2558 313 2619 Sic
329 2575 398 2635 quae
413 2558 595 2619 concubitus
608 2557 709 2618 varios
723 2557 910 2632 Venerisque
924 2557 1037 2634 figuras

304 2662 472 2740 Exprimat,
488 2672 535 2723 est
549 2662 653 2739 aliquo
668 2678 761 2739 parva
776 2661 889 2721 tabella
903 2661 987 2722 loco.

264 2770 362 2848 thue
377 2770 464 2830 sedet
477 2770 563 2830 vultu
576 2770 676 2831 lassus
690 2769 884 2829 Telamonius
898 2769 986 2842 iram,

306 2877 401 2953 lnque
416 2875 513 2937 oculis
527 2875 646 2936 facinus
660 2877 792 2936 barbara
806 2885 904 2935 mater
917 2876 1019 2947 habot;

266 2983 314 3044 Sic
329 2982 467 3045 madidos
481 2983 575 3044 siccat
590 2983 691 3061 digitis
705 2985 806 3045 Venus
821 2984 881 3044 uda
895 2982 1033 3062 capillos,

306 3090 343 3149 Et
357 3090 449 3150 modo
464 3089 610 3151 maternis
625 3099 705 3149 tecta
720 3088 840 3150 videtur
854 3088 951 3165 aquis.

263 3196 344 3256 Bella
360 3207 470 3256 sonant
484 3196 533 3258 alii
548 3197 617 3258 telis
632 3196 782 3257 instructa
793 3196 940 3269 cruentis,

303 3302 438 3378 Parsque
453 3304 497 3363 tui
508 3304 642 3379 generis,
658 3319 730 3380 pars
746 3314 797 3363 tua
811 3303 891 3362 facta
905 3312 1032 3362 canunt.

259 3408 362 3468 lnvida
376 3425 425 3467 me
437 3408 536 3485 spatio
552 3418 660 3469 natura
676 3407 814 3468 coercuit
828 3418 934 3480 arcto,

305 3510 431 3588 ingenio
446 3511 527 3570 vires
542 3512 730 3588 exiguasque
745 3511 840 3571 dedit.

262 3618 299 3677 Et
314 3627 417 3676 tamen
432 3616 483 3676 ille
499 3626 560 3676 tuae
574 3615 648 3675 felix
661 3615 805 3676 AEneidos
820 3626 941 3687 auctor,

306 3721 439 3783 Contulit
452 3722 483 3782 in
498 3721 604 3799 Tyrios
620 3737 704 3789 arma
719 3720 880 3798 virumque
895 3731 993 3782 toros:
