2932 5002
712 409 833 467 ..60-

296 539 382 610 Quod
393 549 423 599 te
438 538 584 599 credibile
599 547 645 597 est
656 554 808 613 quaerere,
825 535 951 612 quaeris,
962 552 1063 613 agana

257 648 317 723 Spe
330 647 436 706 trahor
450 644 570 722 exigua,
587 654 720 720 quamtu
736 643 808 703 mihi
823 645 947 704 demere
962 643 1037 713 noli,

298 754 405 815 Tristia
415 754 502 815 leniri
520 753 644 814 numina
658 771 754 832 posse
768 753 830 814 dei.

257 866 316 924 Seu
323 874 439 924 temere
449 875 607 941 exspecta,
624 862 687 923 sive
700 862 732 924 id
746 863 925 938 contingere
938 862 983 922 ias
1001 875 1059 931 esu

300 972 426 1032 'surrrihi
436 973 520 1048 qued
532 971 623 1049 cupio
634 971 691 1044 fas,
709 988 832 1048 precor,
848 988 917 1030 esse
927 971 1038 1047 proba.

257 1079 392 1154 Quaeque
402 1077 456 1138 tibi
467 1088 514 1138 est
526 1077 639 1155 linguae
647 1076 802 1149 facundia,
820 1076 927 1137 causer
942 1077 972 1135 ia
988 1075 1075 1148 iliud,

298 1185 336 1244 Ut
352 1184 464 1244 doceas
480 1193 584 1243 vetum
599 1199 692 1259 pesse
706 1184 807 1244 valere
819 1199 933 1242 aueum.

254 1292 319 1362 Quo
334 1291 464 1369 quisquc
477 1303 525 1352 est
540 1292 647 1368 major,
661 1291 756 1368 magis
772 1303 818 1352 est
830 1292 987 1369 placabilis
1003 1292 1068 1362 irae,

299 1401 335 1460 Et
349 1398 453 1459 faciles
467 1409 663 1459 metusmens
678 1415 829 1475 generosa
840 1399 932 1476 capit.

257 1511 393 1586 Corpora
407 1507 599 1586 magnanimo
611 1509 684 1569 satis
693 1519 741 1570 est
751 1519 924 1586 prostrasse
939 1509 1031 1569 leoni:

298 1618 403 1704 Pugna
413 1634 502 1676 suum
516 1617 619 1690 finem,
636 1635 706 1678 cunr
714 1618 798 1693 jacet
807 1617 920 1689 hostis,
940 1619 1043 1678 habet.

258 1726 295 1785 m
310 1726 413 1802 lupus,
430 1734 461 1785 et
477 1735 583 1802 turpes
598 1724 712 1786 instant
727 1724 930 1785 rarorieutibus
945 1725 1023 1796 ursi,

300 1832 337 1891 Et
351 1846 554 1907 quaecumque
564 1829 664 1891 minor
678 1830 837 1892 nobilitate
852 1831 916 1890 iera
925 1840 983 1891 est.

259 1938 357 2015 Majus
371 1939 453 2015 apud
462 1939 584 2015 Trojam
598 1938 670 2000 forti
681 1938 754 2016 quid
772 1939 919 1998 habemus
930 1938 1059 1998 terune?

299 2046 441 2107 Dardanii
448 2048 597 2126 lacrymas
613 2065 675 2108 nun
688 2047 760 2108 tulit
773 2047 825 2107 iile
840 2047 933 2108 senis.

262 2155 335 2226 Quae
348 2153 434 2214 ducis
446 2154 585 2214 AEmathii
603 2155 693 2215 sumit
707 2155 880 2226 clementia,
898 2157 1004 2225 Porus,

301 2261 504 2338 Praeclarique
513 2262 626 2322 ducent
640 2261 755 2320 seueris
767 2262 935 2336 exsequiae.

258 2371 336 2430 Neue
346 2369 504 2430 homiuum
520 2368 649 2428 reseram
661 2369 755 2428 [lexas
770 2369 808 2428 ad
819 2368 923 2429 mitius
940 2370 1011 2440 iras,

300 2479 427 2539 iunonis
441 2495 536 2556 gener
550 2487 607 2550 est,
623 2477 674 2553 qui
692 2476 777 2554 prim
792 2478 889 2538 hostis
904 2490 980 2539 erat.

258 2588 394 2665 Denique
410 2606 473 2648 nau
483 2605 610 2666 pessum
625 2589 739 2648 nudam
753 2605 878 2665 sperare
896 2589 1036 2672 salutem,

301 2699 375 2756 Cum
389 2714 491 2774 poenae
505 2715 568 2756 uon
584 2696 623 2756 sit
637 2714 730 2756 causa
744 2708 871 2756 cruenta
886 2715 972 2758 mem.

258 2805 323 2865 Neu
338 2802 411 2864 milri
426 2803 576 2880 quaerenti
590 2804 791 2880 pessumdare
806 2818 928 2877 attacta,
949 2808 1078 2884 petitum

300 2911 471 2970 Caesareum
486 2919 579 2987 caput
593 2919 651 2981 est,
668 2910 752 2985 qued
768 2922 861 2988 captu
875 2913 958 2973 erbis
974 2926 1050 2974 erat.

259 3018 324 3077 Nou
338 3015 452 3092 aliquid
466 3014 539 3088 dixi,
557 3014 750 3091 violentaque
764 3016 868 3094 lingua
891 3019 995 3080 locuta
1010 3030 1069 3090 est,
1090 3072 1096 3081 .

300 3129 458 3205 Lapsaque
473 3136 545 3186 sunt
558 3124 652 3185 nimio
669 3127 761 3187 verba
775 3128 903 3205 prciaua
917 3146 1014 3189 mere.

260 3234 357 3296 Inscia
372 3235 455 3311 qued
465 3233 580 3294 crimen
596 3232 737 3296 videraut
747 3234 872 3308 lumina,
886 3237 1016 3312 plector:

300 3355 525 3428 peccatumque
538 3352 646 3411 oculas
661 3362 709 3410 est
723 3351 866 3411 habuisse
881 3369 994 3411 meum.

259 3463 324 3522 Non
338 3440 480 3539 equidem
495 3471 591 3521 totam
603 3460 720 3537 possim
734 3461 900 3522 defendere
915 3463 1050 3539 culpam:

301 3570 360 3629 Sed
374 3579 492 3645 partem
507 3568 604 3628 nostri
619 3568 754 3628 criminis
765 3586 853 3629 error
868 3570 969 3630 habet.

261 3677 336 3750 Spes
350 3673 442 3751 igitur
457 3685 610 3751 superest,
626 3674 780 3734 facturum
796 3687 830 3737 ut
845 3676 963 3736 aaudiat
978 3675 1042 3753 ipse

301 3780 406 3842 Mutati
420 3797 545 3859 paenam
556 3779 726 3841 conditioni
737 3780 808 3843 leci.
