2932 5002
705 377 845 436 -tot-

297 515 326 577 Si
339 531 406 594 ,non
419 529 488 591 quae
506 511 611 573 nocuit
626 512 734 572 dextra
748 508 870 572 tulisset
883 528 985 589 opem,

255 620 292 682 m
304 637 382 694 mea,
399 619 424 680 si
439 617 557 680 facinus
575 617 695 676 nullum
712 615 932 690 commisimus,
954 627 1030 696 opto

297 730 429 789 Vulnera
443 727 495 804 qui
509 726 592 799 iecit,
609 726 688 786 iacta
703 726 804 785 levare
818 724 903 786 velit:

255 838 484 910 contentusque
499 833 558 894 mei
568 834 633 909 J'am
648 833 771 893 taudem
789 842 877 909 parte
893 831 1024 904 doloris,

296 942 447 1019 Exiguum
465 943 558 1019 pleno
572 941 611 1000 dc
631 956 714 999 mare
729 941 831 1000 demat
846 956 949 1016 aquae.

255 1049 399 1110 Detrahat
413 1058 447 1108 ut
461 1047 602 1118 multum,
619 1047 750 1106 multum
764 1044 894 1106 restabit
909 1045 1026 1106 acerbi:

298 1158 431 1233 Parsque
446 1172 522 1215 mem
535 1170 638 1231 poenae
654 1153 746 1214 totius
765 1152 862 1232 instar
876 1153 950 1214 erit.

258 1261 372 1323 littora
392 1272 467 1337 quot
482 1261 627 1333 conchas,
647 1270 722 1336 quot
736 1275 858 1320 amoena
872 1258 988 1320 rosaria
1002 1259 1109 1332 flores,

299 1367 414 1437 Quotve
428 1365 636 1444 soporiferum
653 1381 748 1442 grana
763 1381 897 1442 papaver
911 1365 1014 1436 habet3

259 1471 337 1531 Silva
352 1471 431 1531 ieras
447 1481 522 1547 quot
537 1470 600 1541 alit,
617 1479 694 1547 quot
710 1469 845 1547 piscibus
859 1470 941 1530 unda
956 1479 1089 1542 natatur,

300 1575 379 1647 Quot
395 1586 537 1636 tenerum
554 1574 664 1652 pennis
679 1591 751 1636 aera
766 1577 869 1654 pulsat
882 1574 958 1647 avis;

259 1686 316 1746 Tot
330 1702 455 1762 premor
469 1684 614 1756 adversis;
632 1700 701 1760 quae
718 1683 744 1745 si
761 1685 981 1762 comprendere
996 1699 1104 1756 coner,

300 1791 404 1851 lcariae
419 1808 584 1852 numerum
602 1790 704 1851 dicere
724 1808 820 1851 coner
833 1807 932 1868 aquae.

261 1899 362 1974 thue
376 1896 432 1957 viae
447 1913 548 1969 casus,
566 1907 602 1958 ut
617 1912 719 1957 amara
733 1896 870 1974 pericula
887 1897 985 1974 ponti,

303 2007 341 2066 Ut
355 2015 472 2065 taceam
487 2005 610 2067 strictas
625 2006 655 2065 in
672 2022 739 2066 mea
754 2005 816 2066 sata
831 2021 950 2077 manus3

264 2113 396 2172 Barbara
411 2113 576 2184 metellus,
592 2112 737 2188 orbisque
752 2111 915 2172 novissima
929 2112 1031 2189 magni

309 2219 456 2290 Sustinet,
473 2230 505 2280 et
525 2234 607 2278 saevo
625 2217 744 2277 cinctus
758 2219 795 2277 ab
810 2219 899 2279 hoste
912 2219 1011 2281 locus.

266 2325 341 2385 Hinc
361 2342 420 2403 ego
437 2323 606 2401 trajicerer‚
626 2339 684 2382 uec
702 2321 782 2382 enim
796 2339 863 2383 moa
877 2325 967 2402 culpa
982 2335 1108 2386 cruenta
1123 2338 1184 2400 est,

312 2434 412 2507 Esset,
430 2448 501 2511 quae
519 2432 621 2505 debet,
642 2429 667 2490 si
684 2428 739 2491 tibi
753 2447 827 2491 cura
845 2430 915 2492 mei.

266 2541 321 2603 ille
335 2543 428 2616 Deus,
446 2544 525 2605 bene
546 2559 608 2620 quo
622 2542 757 2602 Romana
771 2541 907 2619 potentia
922 2541 993 2602 nixa
1007 2553 1066 2615 est,

312 2649 401 2726 Saepe
416 2667 473 2709 suo
488 2648 586 2710 victor
599 2647 677 2709 lenis
691 2648 723 2707 in
737 2648 825 2709 hoste
839 2648 905 2710 fuit.
954 2647 955 2650 ’

268 2753 346 2823 Quid
362 2755 494 2827 dubitas,
510 2765 541 2815 et
557 2764 622 2815 tuta
637 2754 739 2816 times?
752 2756 877 2826 accede,
894 2771 1043 2833 rogoque.

313 2861 434 2922 Caesare
449 2861 491 2921 nil
506 2861 615 2940 ingens
630 2861 733 2923 mitius
748 2861 832 2924 orbis
848 2863 951 2924 habet.

268 2968 315 3028 Mc
329 2966 486 3028 miserum!
503 2968 576 3045 quid
596 2985 695 3047 agam,
712 2968 737 3029 si
751 2969 891 3046 proxima
904 2987 1035 3048 quaeque
1048 2972 1241 3050 relinquunt?

308 3074 468 3135 Subtrabis
485 3074 612 3136 effracto
627 3086 661 3137 tu
676 3092 800 3153 qnoque
820 3077 898 3138 colla
914 3077 1006 3155 jngoi

266 3181 331 3251 Quo
345 3180 443 3240 serari
459 3181 545 3241 unde
559 3191 663 3258 petam
674 3181 768 3258 lapsis
786 3182 893 3243 solatia
914 3184 1021 3245 rebus?

308 3289 450 3349 Auchora
462 3289 530 3366 jam
545 3299 683 3350 nostram
701 3306 765 3349 non
780 3299 864 3352 tenet
879 3290 941 3350 ulia
955 3301 1063 3352 ratem.

270 3394 396 3456 Viderit:
412 3395 479 3472 ipsc
491 3411 610 3455 sacram
626 3394 764 3471 quamvis
773 3395 889 3457 invisus
903 3397 941 3457 ad
955 3412 1039 3457 aram

313 3501 503 3580 Coniugiam3
522 3502 622 3561 nullas
637 3511 808 3562 summovet
822 3518 874 3561 ara
890 3517 1008 3563 manus.

275 3605 433 3681 Adloquor
448 3624 487 3668 en
501 3609 614 3668 absens
628 3605 794 3686 praesentia
807 3606 932 3667 numina
946 3608 1089 3686 supplem

316 3709 345 3771 Si
360 3709 405 3771 sas
420 3722 468 3772 est
483 3711 598 3773 bomini
613 3730 683 3774 cum
697 3714 771 3775 Jove
785 3729 877 3791 posse
895 3713 988 3790 ioqui.
