2932 5002
729 370 849 429 ...50-

296 502 320 559 N
342 501 423 561 ullus
439 500 469 559 in
484 501 542 560 hac
557 501 663 560 charta
677 516 785 560 versus
798 517 901 561 amare
915 502 1017 563 docet.

198 649 201 656 -
270 608 330 668 Nec
347 607 462 668 domini
476 608 599 668 fortuna
613 608 673 668 mei
688 619 745 681 est,
762 618 797 668 ut
811 609 921 670 debeat
934 609 1016 669 illam

315 715 424 775 Infelix
438 715 508 775 ullis
523 715 716 775 dissimulare
726 715 817 792 jocis.

264 824 297 884 ld
313 840 447 898 qunque,
465 824 548 898 quod
563 821 651 882 viridi
665 824 820 899 quondam
835 825 913 883 male
927 824 1002 884 lusit
1015 823 1046 883 in
1063 839 1142 896 aevo,

308 928 372 988 lleu
387 927 512 987 nimium
527 943 597 988 sero
613 928 736 988 damnat
751 937 782 987 et
796 927 861 988 odit
876 927 967 1004 opus!

255 1035 374 1113 lnspice
388 1035 461 1112 quid
474 1046 607 1113 portem:
623 1037 698 1096 nihil
712 1036 761 1096 hic
776 1037 834 1096 nisi
848 1037 936 1097 triste
949 1036 1078 1128 videbim

297 1141 437 1201 Carmine
453 1143 645 1218 temporibus
660 1141 863 1203 conveniente
880 1141 955 1202 suis.

256 1248 369 1307 Clauda
384 1248 468 1323 quod
482 1249 603 1308 alterno
618 1248 784 1309 subsidunt
799 1247 934 1308 carmina
946 1262 1053 1320 versu,

296 1354 349 1412 Vel
364 1352 452 1429 pedis
465 1353 526 1412 hoc
541 1352 630 1424 ratic,
648 1354 695 1412 vel
710 1352 757 1411 ria
771 1354 864 1429 longa
877 1352 959 1412 facit.

256 1458 343 1528 Quod
357 1475 457 1534 neque
472 1476 541 1518 sum
555 1460 649 1519 cedro
665 1460 771 1529 llavus,
788 1475 846 1518 uec
862 1459 984 1534 pumice
999 1459 1097 1529 laevis,

299 1564 412 1624 Erubui
427 1564 551 1623 domino
567 1564 679 1625 cultior
694 1580 763 1624 esse
782 1581 862 1623 meu.

258 1668 368 1729 Littera
383 1668 512 1728 suffusas
527 1670 610 1745 quod
624 1670 717 1729 habet
731 1670 887 1729 maculosa
902 1669 1020 1741 lituras,

307 1773 399 1833 laesit
414 1791 493 1850 opus
508 1775 651 1851 lacrymis
666 1774 732 1852 ipse
747 1785 839 1853 poeta
852 1792 953 1835 suum.

266 1879 296 1939 Si
311 1896 371 1957 qua
384 1880 568 1940 ridebuntur
585 1898 659 1941 casu
669 1888 738 1941 nun
748 1881 829 1941 dicta
843 1881 946 1952 latine,

302 1987 335 2044 ln
351 2002 410 2062 qua
422 1986 586 2058 scribebat,
604 1988 735 2048 barbara
750 1997 833 2047 terra
848 1986 914 2046 luit.

259 2089 364 2163 Dicite,
380 2092 523 2163 lectores,
548 2091 573 2150 si
588 2109 650 2151 non
666 2108 769 2168 grave,
787 2092 894 2167 quasit
908 2092 1054 2163 eundum,

303 2199 444 2275 Quasque
459 2213 561 2277 petam
577 2199 666 2259 sedes
681 2200 796 2274 hospes
811 2199 841 2257 in
857 2200 934 2259 urbe
949 2199 1037 2260 liber.

269 2305 339 2365 llaec
354 2305 406 2366 ubi
421 2322 489 2365 sum
504 2304 608 2364 lurtim
623 2303 729 2381 lingua
743 2303 893 2364 titubante
907 2305 1042 2375 loeutus,

302 2414 356 2485 Qui
372 2414 449 2473 mihi
463 2422 663 2485 monstraret,
679 2412 730 2473 vix
744 2411 801 2473 luit
814 2429 906 2485 unus,
922 2410 991 2474 iter.

260 2522 293 2582 ul
308 2523 361 2584 tibi
376 2524 450 2583 dent
464 2535 573 2585 nostru
589 2522 674 2601 quod
688 2539 751 2582 non
765 2520 902 2583 tribuere
916 2519 1047 2601 parenti,

301 2629 431 2688 Molliter
445 2628 476 2687 in
491 2629 589 2706 patria
603 2629 707 2688 vivere
725 2645 819 2706 passe
837 2627 902 2688 tua!

261 2734 324 2792 lluc
337 2749 405 2809 age:
421 2748 552 2808 namque
568 2749 691 2807 sequor.
709 2733 850 2800 Quamvis
865 2743 1020 2807 terraque,
1038 2732 1175 2810 marique

301 2837 481 2914 longinquo
494 2838 626 2896 referam
640 2839 739 2897 lassus
754 2838 793 2897 ah
808 2837 883 2926 urbe
898 2839 1020 2914 pedem.

264 2943 377 3014 Paruit;
397 2953 428 3005 et
443 2944 572 3004 ducens:
589 2945 659 3007 llaee
675 2955 747 3005 sunt
761 2945 827 3004 fora
842 2945 979 3019 Caesaris,
997 2946 1106 3023 inquit:

304 3052 375 3111 llaec
390 3062 438 3112 est
452 3068 470 3112 a
485 3052 587 3114 Sacris
604 3070 674 3130 quae
689 3053 735 3114 via
754 3071 868 3115 nomen
883 3055 986 3116 habet.

263 3157 315 3217 llic
330 3157 416 3218 lucus
437 3168 484 3218 est
499 3159 610 3230 Vestam
628 3159 680 3235 qui
695 3160 816 3219 Pallada
831 3170 942 3232 servat,
959 3170 991 3221 et
1008 3159 1124 3238 ignem:

304 3264 375 3324 llaec
389 3264 445 3325 luit
458 3265 574 3342 antiqui
588 3265 673 3344 regia
687 3283 780 3343 parva
795 3268 912 3327 Numae.

265 3371 338 3431 lnde
353 3381 462 3448 petens
478 3372 628 3443 dextram,
646 3374 737 3432 Portu
755 3383 813 3444 est,
831 3372 884 3444 ait,
899 3373 956 3433 ista
966 3372 1073 3433 Palati:

304 3477 357 3536 llic
370 3480 483 3540 Stator:
499 3480 559 3539 hoc
573 3478 707 3556 primum
722 3478 846 3539 condita
861 3480 956 3540 Roma
970 3480 1039 3540 loco
1055 3489 1111 3542 est.

264 3586 387 3663 Singula
404 3588 477 3647 dum
491 3587 599 3660 miror,
617 3587 705 3650 video
721 3586 908 3664 fulgentibus
923 3587 1016 3649 armis

307 3690 503 3767 Conspicuus
517 3703 634 3769 postes,
651 3702 794 3768 tectaque
811 3691 902 3769 digna
916 3693 986 3752 deo.
