2932 5002
696 379 836 439 -taa-

293 512 417 589 Torpet,
442 520 472 572 et
487 520 536 571 cst
550 510 658 582 multo,
678 524 769 584 quam
783 505 840 567 suit
860 516 941 579 ante,
958 505 1070 569 minus.

253 617 381 691 Fertilis,
397 616 526 678 adsiduo
541 615 566 676 si
584 631 646 675 non
667 623 832 675 renovetur
846 623 960 686 aratro,

296 725 353 800 Nil,
376 725 433 786 nisi
448 742 519 786 cum
533 724 626 803 spinis
647 740 784 803 gramen,
802 722 925 784 babebit
938 739 1022 801 ager.

256 833 406 909 Tempore
420 832 473 908 qui
484 832 577 909 longo
592 829 722 903 steterit,
738 830 817 890 male
827 839 940 903 curret,
958 839 988 890 et
1004 829 1085 891 inter

297 935 475 997 Carceribus
490 935 600 997 missos
615 934 739 996 ultimus
753 933 808 994 ibit
823 951 930 1010 equos.

252 1044 384 1106 Vertitur
397 1044 427 1104 in
443 1055 578 1105 teneram
590 1043 713 1115 cariem,
728 1041 882 1118 remisque
897 1041 1036 1116 dehiscit,

297 1153 327 1214 Si
351 1170 410 1231 qua
425 1153 476 1214 diu
491 1152 588 1213 solitis
601 1153 708 1228 cymba
723 1150 837 1211 vacarit
851 1150 949 1227 aquis.

258 1259 304 1319 Me
319 1276 441 1336 quoque
455 1259 597 1336 despero,
614 1255 724 1317 fuerim
738 1241 833 1332 quum
847 1271 960 1333 parvus
974 1265 1005 1317 et
1019 1267 1100 1330 ante,

299 1366 355 1439 liii,
373 1365 424 1443 qui
439 1367 565 1437 sueram,
582 1381 674 1442 posse
688 1363 789 1425 redire
803 1379 919 1442 parem.

256 1473 399 1534 Contudit
417 1472 572 1550 ingenium
592 1470 736 1549 patientia
749 1472 841 1548 longa
855 1471 1006 1544 laborum,

302 1581 338 1641 Et
352 1596 423 1658 pars
438 1579 553 1656 antiqui
567 1596 676 1657 magna
696 1577 807 1657 vigoris
821 1578 919 1639 abest.

258 1687 346 1762 Saepe
364 1696 465 1747 tamen
480 1684 579 1758 nobis,
596 1695 630 1747 ut
647 1702 729 1746 nune
744 1701 878 1762 quoque,
894 1694 996 1745 sumta
1010 1684 1120 1746 tabella
1134 1696 1194 1759 est,

304 1792 398 1868 inque
412 1808 483 1851 suos
497 1790 578 1852 volui
594 1807 706 1868 cogere
730 1791 822 1850 verba
836 1790 942 1867 pedes:

264 1895 401 1957 Carmina
416 1895 530 1975 scripta
543 1895 616 1956 mibi
631 1905 703 1956 sunt
716 1895 812 1968 nulia,
831 1905 884 1955 aut
897 1895 998 1971 qualia
1011 1895 1123 1968 cernis;

300 2003 395 2081 bigna
409 2003 455 2064 sui
470 2002 584 2065 domini
600 2015 750 2080 tempore,
766 2002 858 2080 digna
867 2003 948 2063 loco.

266 2107 401 2184 Denique
415 2126 477 2168 non
492 2125 601 2187 parvas
615 2107 716 2169 animo
732 2109 783 2169 dat
797 2108 895 2186 gloria
908 2107 999 2182 uires;

308 2213 344 2273 Et
359 2211 503 2273 ioecunda
517 2212 589 2272 facit
603 2225 729 2289 pectora
744 2213 841 2274 laudis
855 2230 952 2275 amor.

262 2320 397 2383 Nominis
416 2332 447 2382 et
464 2322 552 2381 famae
568 2322 721 2397 quendam
738 2322 857 2400 fulgore
873 2324 1024 2398 trahebar,

301 2428 379 2486 Dum
395 2427 463 2487 tulit
477 2437 626 2487 antennas
640 2441 714 2486 aura
730 2428 865 2488 secunda
878 2444 972 2489 meas.

261 2536 327 2596 Non
340 2537 417 2597 adeo
432 2546 479 2596 est
493 2537 572 2596 bene
588 2553 681 2609 nunc,
704 2546 738 2596 ut
753 2535 791 2596 sit
805 2536 877 2597 mibi
892 2536 989 2615 gloria
1006 2556 1100 2600 curae:

306 2644 336 2705 Si
350 2643 451 2718 liceat,
469 2644 544 2725 nulli
560 2643 702 2724 cognitus
717 2662 785 2706 esse
797 2645 896 2706 veiim.
960 2665 961 2668 ¹

265 2751 321 2823 An,
338 2751 409 2827 quia
426 2763 586 2812 cesserunt
600 2751 700 2829 primo
715 2752 794 2814 bene
809 2753 954 2827 carmina,
968 2755 1078 2817 suades

307 2856 458 2930 Scribere,
476 2874 640 2921 successus
656 2870 689 2920 ut
703 2877 814 2937 sequar
828 2860 893 2938 ipse
907 2862 1007 2923 meos?

262 2966 351 3037 Pace,
367 2981 489 3038 novem,
504 2975 605 3025 vestra
618 2965 709 3027 liceat
724 2965 848 3040 diruisse,
864 2969 1003 3040 Sorores,

304 3071 364 3129 Vos
379 3069 453 3131 estis
467 3081 583 3131 nostrae
598 3070 730 3130 maxima
744 3088 836 3133 causa
851 3072 942 3151 fugae.

265 3183 362 3259 thue
376 3181 460 3244 dedit
472 3181 573 3258 justas
589 3181 667 3242 tauri
682 3182 846 3243 fabricator
860 3181 960 3257 aheni,

299 3290 347 3351 Sic
362 3308 420 3368 ego
435 3291 476 3351 do
492 3306 600 3367 poenas
615 3289 733 3350 artibus
747 3289 814 3368 ipse
827 3290 914 3352 meis.

265 3397 310 3456 Nil
327 3397 400 3457 mihi
415 3398 563 3458 debuerat
578 3414 648 3457 cum
664 3398 803 3461 versibus
817 3399 947 3476 amplius
961 3417 1041 3473 esse;

304 3505 363 3564 Sed
377 3504 516 3582 sugerem
531 3503 641 3564 merito
656 3505 822 3583 naufragus
837 3523 928 3566 omne
943 3507 1065 3568 fretum.

274 3609 311 3669 At
326 3620 413 3687 puto,
430 3610 456 3670 si
471 3612 597 3672 demens
612 3612 746 3682 studium
761 3613 850 3675 fatale
865 3624 1025 3687 retentem,

309 3715 363 3774 Hic
378 3715 450 3775 mihi
466 3717 616 3794 praebebit
631 3718 773 3781 carminis
787 3736 872 3779 arma
887 3721 985 3781 iocus:
