2932 5002
687 285 808 345 -90..

226 420 275 481 Sic
292 429 394 497 aequet
409 413 461 479 tua
475 425 571 494 nupta
587 413 686 476 virum
707 414 845 476 bonitate
859 413 1001 492 perenni,

266 526 382 588 incidat
396 536 427 586 et
441 536 545 586 vestro
561 539 631 583 rara
647 523 773 598 querela
789 532 871 582 toro:

224 632 333 711 Diligat
345 642 378 693 et
396 647 519 709 semper
534 629 638 691 socius
654 639 684 690 te
698 627 856 706 sanguinis
871 627 923 688 illo

267 741 332 812 Quo
347 740 415 818 pins
430 739 551 800 adfectu
567 738 692 799 Castora
707 736 802 797 frater
816 746 909 796 amat:

229 847 278 907 Sic
290 846 425 923 juvenis,
442 845 610 921 similisque
625 842 679 903 tibi
695 841 849 914 situatas,
867 851 898 902 et
913 839 1000 901 illum

268 954 403 1014 Moribus
419 961 573 1031 agnoscat
589 949 722 1027 quilibet
736 965 805 1010 esso
821 960 919 1010 tuum:

229 1061 278 1122 Sic
297 1078 441 1122 socerum
456 1059 546 1121 faeiat
561 1060 640 1120 taeda
656 1070 686 1119 te
701 1069 772 1119 nata
784 1056 893 1135 Jugali‚

269 1171 328 1230 Nec
342 1171 464 1231 tardum
474 1166 581 1245 juveni
597 1168 649 1228 det
665 1165 720 1228 tibi
736 1165 927 1226 nomenari.

568 1387 751 1442 mmmmm
772 1388 843 1441 Vl·

235 1604 388 1679 Tempore
402 1600 545 1662 ruricolae
558 1600 678 1677 patiens
693 1600 726 1660 fit
741 1609 849 1659 taurus
863 1599 968 1671 aratri,

276 1711 396 1770 Praebet
411 1720 442 1771 et
457 1709 584 1770 incurvo
600 1709 679 1769 coila
693 1710 862 1788 premenda
872 1709 961 1786 jugo:

213 1820 218 1831 “
240 1821 390 1896 Tempore
403 1829 492 1897 paret
506 1835 604 1895 equus
619 1816 710 1878 lentis
723 1817 880 1878 animosus
895 1816 1033 1889 habenis,

283 1927 320 1986 Et
334 1924 455 2003 placido
470 1926 566 1987 duros
580 1923 691 2002 accipit
705 1941 760 1986 ore
773 1925 876 2002 lupos.

241 2032 394 2107 Tempore
406 2047 572 2107 poenorum
587 2028 795 2107 compescitur
809 2028 854 2088 ira
868 2027 1004 2102 leonum,

279 2137 340 2196 Nec
358 2134 462 2195 feritas
479 2134 593 2205 animo,
610 2150 679 2210 quae
696 2134 753 2194 suit
766 2143 849 2206 ante,
864 2144 976 2194 manet.

237 2245 372 2319 Quaeque
387 2240 434 2301 sui
448 2239 572 2300 monitis
587 2241 779 2317 obtemperat
793 2241 867 2301 Inda
880 2240 1016 2318 magistri

279 2347 394 2420 Bellua,
412 2344 569 2407 servitium
585 2355 725 2422 tempore
744 2343 821 2406 victa
835 2344 928 2406 subit.

237 2459 380 2535 Tempus
399 2466 433 2517 ut
448 2454 579 2516 extentis
593 2465 709 2516 tumeat
723 2454 794 2515 iacit
807 2471 865 2516 uva
879 2455 1020 2530 racemis,

279 2565 397 2642 Vixque
413 2579 531 2624 merum
547 2562 669 2641 capiant
682 2579 789 2641 grana,
805 2564 889 2641 quod
903 2562 986 2626 intus
998 2564 1123 2626 habeut.

236 2674 369 2750 Tempus
383 2681 414 2732 et
427 2671 458 2730 in
472 2687 565 2732 canas
580 2686 686 2731 semen
700 2669 844 2746 producit
857 2669 978 2744 aristas,

279 2780 317 2840 Et
331 2796 370 2839 ne
386 2777 448 2839 sint
463 2777 543 2840 tristi
557 2793 649 2854 poma
663 2793 773 2854 sapore
787 2775 869 2838 facit.

239 2885 303 2946 Hoc
319 2893 427 2943 tenuat
442 2883 568 2944 dentem
582 2892 695 2943 terram
710 2881 853 2944 findentis
869 2884 975 2958 aratri,

283 2987 344 3048 Hoc
360 2986 475 3066 rigidas
490 2986 604 3062 silices,
620 2988 680 3050 boc
694 2989 854 3050 adamanta
868 2989 950 3053 terit.

239 3095 303 3156 Hoc
318 3092 410 3155 etiam
426 3110 525 3155 saevas
539 3092 685 3172 paulatim
700 3093 818 3174 mitigat
831 3094 904 3170 iras,

277 3205 341 3264 Hoc
361 3203 473 3264 minuit
488 3205 598 3278 lactus,
616 3212 791 3282 moestaque
805 3205 900 3266 corda
914 3205 1004 3268 levat.

239 3312 354 3372 Cuncta
375 3320 482 3388 potest
497 3309 593 3388 igitur
611 3310 705 3372 tacito
720 3311 799 3388 pede
811 3311 898 3390 lapsa
911 3322 1046 3375 vetustas

280 3421 492 3497 Praeterquam
507 3436 598 3481 curas
613 3429 774 3483 attenuare
788 3436 883 3482 meas.
989 3403 990 3406 ¹

239 3526 277 3587 Ut
291 3526 388 3604 patria
399 3543 503 3598 careo,
520 3526 568 3588 bis
583 3526 725 3605 frugibus
743 3543 816 3589 area
829 3526 900 3591 trita
915 3539 973 3590 est:
989 3556 993 3562 ·

281 3631 416 3694 Dissiluit
430 3632 521 3693 nudo
541 3649 650 3709 pressa
665 3632 713 3696 bis
728 3649 785 3695 uua
799 3635 889 3712 pede:
