2932 5002
723 381 822 439 ..8-

253 512 299 574 lle
313 531 446 591 queque,
464 529 533 589 quaa
549 512 640 582 sensi,
656 513 753 570 fateor
767 510 847 570 levis
863 525 946 568 arma
962 508 1080 568 timere:

296 621 343 680 llle
359 636 429 680 reor
444 619 565 691 infeste,
583 634 678 694 quum
693 627 789 688 tonat,
807 616 877 692 igne
892 615 965 692 peti.

256 725 444 803 Quicumque
459 725 600 802 Argolica
615 726 654 784 tle
668 725 768 784 classe
783 722 937 800 Capharea
951 722 1039 799 sugit,

296 834 422 911 Semper
436 834 474 892 ab
489 830 632 891 Euboicis
645 830 711 890 vela
726 838 885 904 retorquet
899 828 996 904 aquis.

257 942 293 1001 Et
307 957 374 1001 mea
389 941 497 1017 cymba
512 939 606 998 semel
621 949 705 998 vasta
721 953 868 1015 percussa
883 936 1032 1013 procella,

298 1048 396 1119 illum,
414 1062 476 1122 que
490 1047 564 1106 laesa
579 1056 637 1116 est,
654 1046 761 1105 horret
775 1043 859 1103 adire
874 1044 989 1103 lecum.

256 1155 347 1231 Ergo,
365 1168 436 1212 care
449 1151 538 1222 liber,
554 1150 658 1210 timida
673 1147 876 1226 circumspice
890 1159 1005 1218 mente,

299 1259 335 1319 Et
350 1258 422 1319 satis
437 1273 454 1317 a
468 1256 567 1324 media
583 1256 622 1316 sit
635 1255 688 1314 tibi
704 1255 795 1331 plebe
809 1254 880 1332 legi.

258 1363 335 1427 llum
350 1366 426 1446 petit
440 1365 567 1426 infirmis
582 1365 708 1428 nimium
723 1365 863 1426 sublimia
878 1367 990 1442 permis

299 1475 414 1546 Icarus,
432 1472 535 1533 icariis
550 1473 673 1532 uomina
689 1472 760 1533 lecit
775 1473 874 1548 aquis.

258 1579 383 1640 Difficile
397 1589 560 1640 esttamen
574 1578 635 1652 hir,
651 1578 742 1640 remis
757 1579 852 1640 utaris
867 1597 905 1639 an
920 1596 1005 1653 aura,

302 1687 418 1748 Dicere:
437 1687 599 1747 consilium
614 1704 726 1763 resque
740 1689 890 1763 lucusque
905 1689 1031 1749 dabunt.

264 1793 294 1852 Si
309 1792 426 1870 peteris
440 1808 537 1852 vacue
552 1791 641 1864 tradi,
659 1792 684 1851 si
698 1803 808 1851 cuncta
825 1791 941 1852 ridebis

302 1898 393 1970 Mitia,
411 1898 436 1959 si
451 1898 530 1958 vires
545 1896 670 1974 fregerit
684 1896 728 1955 ira
743 1913 825 1968 suas;

260 2006 290 2066 Si
305 2006 373 2082 quis
389 2005 446 2065 erit
461 2005 512 2081 qui
528 2016 557 2064 tc
572 2005 761 2065 dubitantem
777 2016 807 2066 et
822 2006 905 2066 adire
920 2006 1076 2066 timentem

302 2111 423 2182 Tradat,
441 2121 471 2169 et
485 2119 556 2170 aute
569 2120 669 2169 tamen
684 2127 781 2185 pauca
797 2111 951 2187 loquatur3
968 2113 1027 2171 adi.

261 2218 340 2276 Luce
354 2215 446 2286 bona,
463 2213 648 2290 dominoque
665 2224 717 2274 tue
732 2215 848 2274 felicior
863 2217 939 2291 ipse,

300 2323 460 2382 Perveuias
474 2322 558 2394 illuc,
575 2332 605 2382 et
620 2323 697 2381 mala
711 2333 817 2401 nestra
831 2323 923 2382 leves.

265 2430 400 2506 Namque
415 2447 461 2503 ea,
477 2431 524 2490 vel
540 2447 641 2503 neme,
659 2432 706 2490 vel
721 2431 774 2506 qui
788 2431 861 2491 mihi
876 2433 1001 2493 vulnera
1016 2434 1097 2506 fecit,

301 2537 391 2597 Solus
405 2537 541 2598 Achilleo
555 2539 664 2598 tollere
679 2554 764 2598 mere
779 2549 894 2616 petest.

260 2643 390 2701 Tantum
405 2658 443 2700 ue
458 2658 582 2712 neceas,
599 2644 671 2701 dum
686 2644 730 2702 vis
745 2647 905 2717 prodesse,
923 2645 1037 2716 videte;

300 2747 374 2805 Nam
390 2761 461 2822 spes
476 2756 524 2804 est
537 2744 629 2804 animi
644 2756 749 2805 nestra
764 2746 874 2806 timere
888 2747 999 2808 minor.

265 2853 399 2927 Quaeque
415 2852 604 2927 quiescebat,
622 2869 661 2911 ne
676 2863 758 2912 meta
773 2854 914 2913 resaeviat
928 2855 984 2927 ira,

309 2956 345 3015 Et
361 2971 464 3032 poenae
480 2966 513 3015 tu
528 2955 570 3015 sis
584 2957 679 3016 altera
693 2971 796 3029 causa,
813 2970 897 3018 eave.

264 3060 362 3129 Quum
376 3071 479 3120 tamen
494 3060 525 3118 in
539 3070 679 3120 nostrum
693 3061 788 3122 lueris
803 3066 959 3139 penetrale
973 3078 1127 3144 receptus,

304 3166 537 3244 Contigerisque
552 3177 636 3227 tuam
650 3168 761 3228 scrinia
776 3187 868 3231 curva
883 3173 1019 3243 demum;

265 3270 425 3348 Adspicies
440 3271 500 3330 illic
516 3261 633 3349 pesitus
648 3291 687 3334 ex
701 3275 809 3335 erdiue
823 3277 944 3354 fratres,

306 3377 388 3446 Quos
404 3375 540 3436 studium
554 3389 684 3438 cunctos
700 3380 850 3457 evigilavit
865 3381 955 3442 idem.

266 3481 383 3541 Caetera
398 3482 487 3542 turba
502 3483 601 3560 palam
618 3484 723 3545 titules
737 3488 879 3547 ostendet
895 3499 1032 3564 apertus,

307 3587 343 3645 Et
355 3565 416 3645 sua'
425 3587 545 3648 detecta
561 3590 684 3649 uumina
700 3590 801 3652 irenae
816 3603 913 3669 geret.

265 3691 338 3749 Tres
353 3691 462 3767 precul
479 3692 611 3753 obseura
625 3694 779 3757 latitantes
793 3705 881 3772 parte
897 3696 1024 3757 ridebis:
1048 3735 1051 3739 ·
