<?xml version="1.0" encoding="UTF-8"?>
<!DOCTYPE html PUBLIC "-//W3C//DTD XHTML 1.0 Transitional//EN"
    "http://www.w3.org/TR/xhtml1/DTD/xhtml1-transitional.dtd">
<html xmlns="http://www.w3.org/1999/xhtml" xml:lang="en" lang="en">
 <head>
  <title>
</title>
<meta http-equiv="Content-Type" content="text/html;charset=utf-8" />
  <meta name='ocr-system' content='tesseract 3.04.00' />
  <meta name='ocr-capabilities' content='ocr_page ocr_carea ocr_par ocr_line ocrx_word'/>
</head>
<body>
  <div class='ocr_page' id='page_1' title='image "./povidiinasonist01ovidgoog_0107.png"; bbox 0 0 2932 5002; ppageno 0'>
   <div class='ocr_carea' id='block_1_1' title="bbox 711 346 841 444">
    <p class='ocr_par' dir='ltr' id='par_1_1' title="bbox 711 346 841 444">
     <span class='ocr_line' id='line_1_1' title="bbox 711 346 841 444; baseline 0.008 -38"><span class='ocrx_word' id='word_1_1' title='bbox 711 346 841 444; x_wconf 51' lang='lat'>-987</span> 
     </span>
    </p>
   </div>
   <div class='ocr_carea' id='block_1_2' title="bbox 224 488 1260 3787">
    <p class='ocr_par' dir='ltr' id='par_1_2' title="bbox 294 488 937 550">
     <span class='ocr_line' id='line_1_2' title="bbox 294 488 937 550; baseline -0.003 -1"><span class='ocrx_word' id='word_1_2' title='bbox 294 489 421 550; x_wconf 85' lang='lat' dir='ltr'>Nomine</span> <span class='ocrx_word' id='word_1_3' title='bbox 436 507 499 549; x_wconf 78' lang='lat' dir='ltr'>trun</span> <span class='ocrx_word' id='word_1_4' title='bbox 514 505 587 550; x_wconf 88' lang='lat' dir='ltr'>vero</span> <span class='ocrx_word' id='word_1_5' title='bbox 603 488 684 550; x_wconf 81' lang='lat' dir='ltr'>dicta</span> <span class='ocrx_word' id='word_1_6' title='bbox 705 489 837 549; x_wconf 80' lang='lat' dir='ltr'>Corinna</span> <span class='ocrx_word' id='word_1_7' title='bbox 854 488 937 549; x_wconf 84' lang='lat' dir='ltr'>milri.</span> 
     </span>
    </p>

    <p class='ocr_par' dir='ltr' id='par_1_3' title="bbox 256 599 1039 678">
     <span class='ocr_line' id='line_1_3' title="bbox 256 599 1039 678; baseline 0.001 -20"><span class='ocrx_word' id='word_1_8' title='bbox 256 600 347 661; x_wconf 86' lang='lat' dir='ltr'>llulta</span> <span class='ocrx_word' id='word_1_9' title='bbox 362 601 485 678; x_wconf 88' lang='lat' dir='ltr'>quidem</span> <span class='ocrx_word' id='word_1_10' title='bbox 499 601 620 678; x_wconf 78' lang='lat' dir='ltr'>scripsi:</span> <span class='ocrx_word' id='word_1_11' title='bbox 637 601 691 661; x_wconf 88' lang='lat' dir='ltr'>sed</span> <span class='ocrx_word' id='word_1_12' title='bbox 708 618 777 678; x_wconf 71' lang='lat' dir='ltr'>quae</span> <span class='ocrx_word' id='word_1_13' title='bbox 798 600 905 662; x_wconf 80' lang='lat' dir='ltr'>vitiosa</span> <span class='ocrx_word' id='word_1_14' title='bbox 921 599 1039 677; x_wconf 85' lang='lat' dir='ltr'>putavi,</span> 
     </span>
    </p>

    <p class='ocr_par' dir='ltr' id='par_1_4' title="bbox 224 708 831 801">
     <span class='ocr_line' id='line_1_4' title="bbox 224 708 831 801; baseline 0 -34"><span class='ocrx_word' id='word_1_15' title='bbox 224 756 254 801; x_wconf 58' lang='lat'>⁸„</span> <span class='ocrx_word' id='word_1_16' title='bbox 299 709 514 770; x_wconf 88' lang='lat' dir='ltr'>Emendaturis</span> <span class='ocrx_word' id='word_1_17' title='bbox 528 708 651 787; x_wconf 79' lang='lat' dir='ltr'>ignibus</span> <span class='ocrx_word' id='word_1_18' title='bbox 669 708 735 786; x_wconf 87' lang='lat' dir='ltr'>ipse</span> <span class='ocrx_word' id='word_1_19' title='bbox 749 708 831 769; x_wconf 88' lang='lat' dir='ltr'>dedi.</span> 
     </span>
    </p>

    <p class='ocr_par' dir='ltr' id='par_1_5' title="bbox 255 794 1260 1000">
     <span class='ocr_line' id='line_1_5' title="bbox 255 794 1260 896; baseline 0.006 -22"><span class='ocrx_word' id='word_1_20' title='bbox 255 794 331 875; x_wconf 67' lang='lat' dir='ltr'>&#39;inm</span> <span class='ocrx_word' id='word_1_21' title='bbox 346 835 479 894; x_wconf 84' lang='lat' dir='ltr'>quoque,</span> <span class='ocrx_word' id='word_1_22' title='bbox 501 835 596 894; x_wconf 85' lang='lat' dir='ltr'>quum</span> <span class='ocrx_word' id='word_1_23' title='bbox 611 818 760 896; x_wconf 82' lang='lat' dir='ltr'>lugerem,</span> <span class='ocrx_word' id='word_1_24' title='bbox 777 819 920 895; x_wconf 64' lang='lat' dir='ltr'>quaedam</span> <span class='ocrx_word' id='word_1_25' title='bbox 940 818 1095 896; x_wconf 84' lang='lat' dir='ltr'>placitura</span> <span class='ocrx_word' id='word_1_26' title='bbox 1111 822 1260 891; x_wconf 63' lang='lat' dir='ltr'>cremam</span> 
     </span>
     <span class='ocr_line' id='line_1_6' title="bbox 299 923 886 1000; baseline 0.003 -18"><span class='ocrx_word' id='word_1_27' title='bbox 299 924 396 983; x_wconf 85' lang='lat' dir='ltr'>lrutus</span> <span class='ocrx_word' id='word_1_28' title='bbox 414 924 516 984; x_wconf 89' lang='lat' dir='ltr'>studio</span> <span class='ocrx_word' id='word_1_29' title='bbox 536 924 785 1000; x_wconf 83' lang='lat' dir='ltr'>carminibusque</span> <span class='ocrx_word' id='word_1_30' title='bbox 800 923 886 985; x_wconf 89' lang='lat' dir='ltr'>meis.</span> 
     </span>
    </p>

    <p class='ocr_par' dir='ltr' id='par_1_6' title="bbox 257 1027 1081 1222">
     <span class='ocr_line' id='line_1_7' title="bbox 257 1027 959 1106; baseline 0.001 -19"><span class='ocrx_word' id='word_1_31' title='bbox 257 1028 358 1100; x_wconf 82' lang='lat' dir='ltr'>Molle,</span> <span class='ocrx_word' id='word_1_32' title='bbox 376 1027 549 1105; x_wconf 83' lang='lat' dir='ltr'>Cupidineis</span> <span class='ocrx_word' id='word_1_33' title='bbox 564 1045 621 1088; x_wconf 86' lang='lat' dir='ltr'>nec</span> <span class='ocrx_word' id='word_1_34' title='bbox 637 1028 875 1106; x_wconf 81' lang='lat' dir='ltr'>inexpugnabile</span> <span class='ocrx_word' id='word_1_35' title='bbox 889 1030 959 1088; x_wconf 86' lang='lat' dir='ltr'>telis</span> 
     </span>
     <span class='ocr_line' id='line_1_8' title="bbox 300 1135 1081 1222; baseline 0.001 -27"><span class='ocrx_word' id='word_1_36' title='bbox 300 1135 457 1210; x_wconf 75' lang='lat' dir='ltr'>dormibi,</span> <span class='ocrx_word' id='word_1_37' title='bbox 475 1138 620 1214; x_wconf 88' lang='lat' dir='ltr'>quodque</span> <span class='ocrx_word' id='word_1_38' title='bbox 635 1136 711 1197; x_wconf 83' lang='lat' dir='ltr'>levis</span> <span class='ocrx_word' id='word_1_39' title='bbox 726 1151 820 1222; x_wconf 77' lang='lat' dir='ltr'>causa</span> <span class='ocrx_word' id='word_1_40' title='bbox 839 1147 986 1210; x_wconf 85' lang='lat' dir='ltr'>moveret,</span> <span class='ocrx_word' id='word_1_41' title='bbox 1005 1150 1081 1199; x_wconf 86' lang='lat' dir='ltr'>erat.</span> 
     </span>
    </p>

    <p class='ocr_par' dir='ltr' id='par_1_7' title="bbox 260 1240 1181 1409">
     <span class='ocr_line' id='line_1_9' title="bbox 260 1240 1181 1321; baseline 0.005 -21"><span class='ocrx_word' id='word_1_42' title='bbox 260 1240 357 1310; x_wconf 81' lang='lat' dir='ltr'>Quum</span> <span class='ocrx_word' id='word_1_43' title='bbox 373 1251 473 1302; x_wconf 85' lang='lat' dir='ltr'>tumen</span> <span class='ocrx_word' id='word_1_44' title='bbox 490 1243 549 1301; x_wconf 90' lang='lat' dir='ltr'>hoc</span> <span class='ocrx_word' id='word_1_45' title='bbox 565 1258 675 1313; x_wconf 89' lang='lat' dir='ltr'>essem,</span> <span class='ocrx_word' id='word_1_46' title='bbox 689 1240 877 1318; x_wconf 86' lang='lat' dir='ltr'>minimoque</span> <span class='ocrx_word' id='word_1_47' title='bbox 896 1243 1084 1304; x_wconf 85' lang='lat' dir='ltr'>accenderer</span> <span class='ocrx_word' id='word_1_48' title='bbox 1097 1244 1181 1321; x_wconf 81' lang='lat' dir='ltr'>igne,</span> 
     </span>
     <span class='ocr_line' id='line_1_10' title="bbox 300 1348 923 1409; baseline 0.002 -3"><span class='ocrx_word' id='word_1_49' title='bbox 300 1348 427 1409; x_wconf 90' lang='lat' dir='ltr'>Nomine</span> <span class='ocrx_word' id='word_1_50' title='bbox 442 1349 499 1409; x_wconf 94' lang='lat' dir='ltr'>sub</span> <span class='ocrx_word' id='word_1_51' title='bbox 512 1359 620 1409; x_wconf 89' lang='lat' dir='ltr'>nostru</span> <span class='ocrx_word' id='word_1_52' title='bbox 636 1348 739 1408; x_wconf 86' lang='lat' dir='ltr'>fabula</span> <span class='ocrx_word' id='word_1_53' title='bbox 757 1349 841 1408; x_wconf 87' lang='lat' dir='ltr'>nulla</span> <span class='ocrx_word' id='word_1_54' title='bbox 857 1348 923 1409; x_wconf 90' lang='lat' dir='ltr'>luit.</span> 
     </span>
    </p>

    <p class='ocr_par' dir='ltr' id='par_1_8' title="bbox 259 1454 1037 1643">
     <span class='ocr_line' id='line_1_11' title="bbox 259 1454 1025 1532; baseline 0.004 -19"><span class='ocrx_word' id='word_1_55' title='bbox 259 1456 348 1514; x_wconf 85' lang='lat' dir='ltr'>Paeue</span> <span class='ocrx_word' id='word_1_56' title='bbox 362 1454 434 1514; x_wconf 90' lang='lat' dir='ltr'>mihi</span> <span class='ocrx_word' id='word_1_57' title='bbox 448 1472 557 1532; x_wconf 91' lang='lat' dir='ltr'>puer0,</span> <span class='ocrx_word' id='word_1_58' title='bbox 578 1471 635 1515; x_wconf 87' lang='lat' dir='ltr'>nec</span> <span class='ocrx_word' id='word_1_59' title='bbox 650 1455 752 1532; x_wconf 80' lang='lat' dir='ltr'>dignu,</span> <span class='ocrx_word' id='word_1_60' title='bbox 774 1472 831 1516; x_wconf 89' lang='lat' dir='ltr'>nec</span> <span class='ocrx_word' id='word_1_61' title='bbox 846 1455 928 1517; x_wconf 89' lang='lat' dir='ltr'>utilis</span> <span class='ocrx_word' id='word_1_62' title='bbox 947 1472 1025 1517; x_wconf 77' lang='lat' dir='ltr'>unm</span> 
     </span>
     <span class='ocr_line' id='line_1_12' title="bbox 303 1564 1037 1643; baseline 0.001 -20"><span class='ocrx_word' id='word_1_63' title='bbox 303 1564 356 1623; x_wconf 86' lang='lat' dir='ltr'>Est</span> <span class='ocrx_word' id='word_1_64' title='bbox 373 1564 453 1624; x_wconf 83' lang='lat' dir='ltr'>datu:</span> <span class='ocrx_word' id='word_1_65' title='bbox 471 1581 540 1640; x_wconf 83' lang='lat' dir='ltr'>quae</span> <span class='ocrx_word' id='word_1_66' title='bbox 558 1574 679 1641; x_wconf 90' lang='lat' dir='ltr'>tempus</span> <span class='ocrx_word' id='word_1_67' title='bbox 694 1565 845 1643; x_wconf 83' lang='lat' dir='ltr'>perbreve</span> <span class='ocrx_word' id='word_1_68' title='bbox 861 1575 956 1643; x_wconf 85' lang='lat' dir='ltr'>nuptu</span> <span class='ocrx_word' id='word_1_69' title='bbox 971 1565 1037 1626; x_wconf 87' lang='lat' dir='ltr'>luit.</span> 
     </span>
    </p>

    <p class='ocr_par' dir='ltr' id='par_1_9' title="bbox 264 1673 1013 1847">
     <span class='ocr_line' id='line_1_13' title="bbox 264 1673 1013 1753; baseline 0.007 -22"><span class='ocrx_word' id='word_1_70' title='bbox 264 1674 309 1732; x_wconf 93' lang='lat' dir='ltr'>llli</span> <span class='ocrx_word' id='word_1_71' title='bbox 324 1673 484 1748; x_wconf 86' lang='lat' dir='ltr'>successit,</span> <span class='ocrx_word' id='word_1_72' title='bbox 505 1675 642 1752; x_wconf 84' lang='lat' dir='ltr'>quumvis</span> <span class='ocrx_word' id='word_1_73' title='bbox 657 1676 722 1737; x_wconf 91' lang='lat' dir='ltr'>sinc</span> <span class='ocrx_word' id='word_1_74' title='bbox 741 1676 869 1737; x_wconf 89' lang='lat' dir='ltr'>crimine</span> <span class='ocrx_word' id='word_1_75' title='bbox 884 1677 1013 1753; x_wconf 83' lang='lat' dir='ltr'>conjux,</span> 
     </span>
     <span class='ocr_line' id='line_1_14' title="bbox 304 1784 982 1847; baseline 0.006 -5"><span class='ocrx_word' id='word_1_76' title='bbox 304 1784 370 1844; x_wconf 91' lang='lat' dir='ltr'>Non</span> <span class='ocrx_word' id='word_1_77' title='bbox 385 1794 487 1844; x_wconf 83' lang='lat' dir='ltr'>tamen</span> <span class='ocrx_word' id='word_1_78' title='bbox 506 1784 537 1843; x_wconf 92' lang='lat' dir='ltr'>iu</span> <span class='ocrx_word' id='word_1_79' title='bbox 552 1796 660 1846; x_wconf 86' lang='lat' dir='ltr'>nestro</span> <span class='ocrx_word' id='word_1_80' title='bbox 676 1785 763 1846; x_wconf 82' lang='lat' dir='ltr'>firma</span> <span class='ocrx_word' id='word_1_81' title='bbox 782 1785 883 1847; x_wconf 82' lang='lat' dir='ltr'>lutura</span> <span class='ocrx_word' id='word_1_82' title='bbox 901 1796 982 1847; x_wconf 88' lang='lat' dir='ltr'>turo.</span> 
     </span>
    </p>

    <p class='ocr_par' dir='ltr' id='par_1_10' title="bbox 266 1878 1065 2075">
     <span class='ocr_line' id='line_1_15' title="bbox 266 1878 1065 1992; baseline 0.005 -43"><span class='ocrx_word' id='word_1_83' title='bbox 266 1878 376 1992; x_wconf 62' lang='lat' dir='ltr'>&#39;&#39;Ljfna</span> <span class='ocrx_word' id='word_1_84' title='bbox 391 1906 461 1967; x_wconf 86' lang='lat' dir='ltr'>quae</span> <span class='ocrx_word' id='word_1_85' title='bbox 482 1907 603 1951; x_wconf 88' lang='lat' dir='ltr'>mecum</span> <span class='ocrx_word' id='word_1_86' title='bbox 618 1907 706 1951; x_wconf 88' lang='lat' dir='ltr'>seros</span> <span class='ocrx_word' id='word_1_87' title='bbox 724 1891 893 1969; x_wconf 85' lang='lat' dir='ltr'>permansit</span> <span class='ocrx_word' id='word_1_88' title='bbox 906 1891 937 1950; x_wconf 92' lang='lat' dir='ltr'>iu</span> <span class='ocrx_word' id='word_1_89' title='bbox 955 1908 1065 1964; x_wconf 86' lang='lat' dir='ltr'>anuos,</span> 
     </span>
     <span class='ocr_line' id='line_1_16' title="bbox 310 1997 888 2075; baseline 0.002 -17"><span class='ocrx_word' id='word_1_90' title='bbox 310 1997 458 2059; x_wconf 71' lang='lat' dir='ltr'>sustinuit</span> <span class='ocrx_word' id='word_1_91' title='bbox 474 1999 589 2075; x_wconf 71' lang='lat' dir='ltr'>coniux</span> <span class='ocrx_word' id='word_1_92' title='bbox 604 1998 720 2060; x_wconf 83' lang='lat' dir='ltr'>exsulis</span> <span class='ocrx_word' id='word_1_93' title='bbox 734 2015 804 2060; x_wconf 87' lang='lat' dir='ltr'>esse</span> <span class='ocrx_word' id='word_1_94' title='bbox 820 2000 888 2059; x_wconf 88' lang='lat' dir='ltr'>viri.</span> 
     </span>
    </p>

    <p class='ocr_par' dir='ltr' id='par_1_11' title="bbox 271 2100 973 2286">
     <span class='ocr_line' id='line_1_17' title="bbox 271 2100 973 2181; baseline 0.004 -19"><span class='ocrx_word' id='word_1_95' title='bbox 271 2100 345 2162; x_wconf 77' lang='lat' dir='ltr'>lilia</span> <span class='ocrx_word' id='word_1_96' title='bbox 360 2119 409 2162; x_wconf 90' lang='lat' dir='ltr'>mc</span> <span class='ocrx_word' id='word_1_97' title='bbox 423 2102 521 2179; x_wconf 81' lang='lat' dir='ltr'>prima</span> <span class='ocrx_word' id='word_1_98' title='bbox 535 2119 603 2163; x_wconf 81' lang='lat' dir='ltr'>mea</span> <span class='ocrx_word' id='word_1_99' title='bbox 616 2102 666 2163; x_wconf 90' lang='lat' dir='ltr'>bis</span> <span class='ocrx_word' id='word_1_100' title='bbox 679 2103 823 2165; x_wconf 86' lang='lat' dir='ltr'>loeeunda</span> <span class='ocrx_word' id='word_1_101' title='bbox 835 2105 973 2181; x_wconf 82' lang='lat' dir='ltr'>juventa,</span> 
     </span>
     <span class='ocr_line' id='line_1_18' title="bbox 321 2208 938 2286; baseline 0.002 -19"><span class='ocrx_word' id='word_1_102' title='bbox 321 2208 382 2267; x_wconf 90' lang='lat' dir='ltr'>Sed</span> <span class='ocrx_word' id='word_1_103' title='bbox 397 2224 459 2266; x_wconf 89' lang='lat' dir='ltr'>uon</span> <span class='ocrx_word' id='word_1_104' title='bbox 474 2224 513 2266; x_wconf 84' lang='lat' dir='ltr'>ex</span> <span class='ocrx_word' id='word_1_105' title='bbox 526 2224 589 2268; x_wconf 90' lang='lat' dir='ltr'>uno</span> <span class='ocrx_word' id='word_1_106' title='bbox 604 2209 736 2286; x_wconf 83' lang='lat' dir='ltr'>conjuge</span> <span class='ocrx_word' id='word_1_107' title='bbox 751 2208 823 2270; x_wconf 85' lang='lat' dir='ltr'>lecit</span> <span class='ocrx_word' id='word_1_108' title='bbox 837 2225 938 2270; x_wconf 82' lang='lat' dir='ltr'>avum.</span> 
     </span>
    </p>

    <p class='ocr_par' dir='ltr' id='par_1_12' title="bbox 266 2313 1044 2483">
     <span class='ocr_line' id='line_1_19' title="bbox 266 2313 1044 2393; baseline 0.004 -19"><span class='ocrx_word' id='word_1_109' title='bbox 266 2316 303 2374; x_wconf 83' lang='lat' dir='ltr'>Et</span> <span class='ocrx_word' id='word_1_110' title='bbox 314 2315 378 2390; x_wconf 76' lang='lat' dir='ltr'>iam</span> <span class='ocrx_word' id='word_1_111' title='bbox 393 2315 562 2392; x_wconf 83' lang='lat' dir='ltr'>complerat</span> <span class='ocrx_word' id='word_1_112' title='bbox 576 2313 698 2391; x_wconf 76' lang='lat' dir='ltr'>genitor</span> <span class='ocrx_word' id='word_1_113' title='bbox 713 2330 768 2375; x_wconf 84' lang='lat' dir='ltr'>sua</span> <span class='ocrx_word' id='word_1_114' title='bbox 783 2315 855 2387; x_wconf 86' lang='lat' dir='ltr'>latu,</span> <span class='ocrx_word' id='word_1_115' title='bbox 872 2332 1044 2393; x_wconf 84' lang='lat' dir='ltr'>novemque</span> 
     </span>
     <span class='ocr_line' id='line_1_20' title="bbox 308 2418 954 2483; baseline 0.002 -2"><span class='ocrx_word' id='word_1_116' title='bbox 308 2421 475 2482; x_wconf 81' lang='lat' dir='ltr'>Addiderat</span> <span class='ocrx_word' id='word_1_117' title='bbox 489 2418 596 2482; x_wconf 84' lang='lat' dir='ltr'>lustris</span> <span class='ocrx_word' id='word_1_118' title='bbox 609 2419 706 2483; x_wconf 85' lang='lat' dir='ltr'>altera</span> <span class='ocrx_word' id='word_1_119' title='bbox 720 2423 818 2483; x_wconf 88' lang='lat' dir='ltr'>lustra</span> <span class='ocrx_word' id='word_1_120' title='bbox 833 2437 954 2483; x_wconf 88' lang='lat' dir='ltr'>norem.</span> 
     </span>
    </p>

    <p class='ocr_par' dir='ltr' id='par_1_13' title="bbox 264 2528 998 2716">
     <span class='ocr_line' id='line_1_21' title="bbox 264 2528 998 2606; baseline 0.003 -18"><span class='ocrx_word' id='word_1_121' title='bbox 264 2530 330 2590; x_wconf 89' lang='lat' dir='ltr'>Non</span> <span class='ocrx_word' id='word_1_122' title='bbox 345 2529 434 2590; x_wconf 90' lang='lat' dir='ltr'>aliter</span> <span class='ocrx_word' id='word_1_123' title='bbox 447 2528 515 2589; x_wconf 88' lang='lat' dir='ltr'>flevi</span> <span class='ocrx_word' id='word_1_124' title='bbox 530 2545 621 2606; x_wconf 88' lang='lat' dir='ltr'>quam</span> <span class='ocrx_word' id='word_1_125' title='bbox 636 2531 827 2590; x_wconf 79' lang='lat' dir='ltr'>meletenus</span> <span class='ocrx_word' id='word_1_126' title='bbox 843 2531 998 2591; x_wconf 87' lang='lat' dir='ltr'>ademtam</span> 
     </span>
     <span class='ocr_line' id='line_1_22' title="bbox 313 2633 972 2716; baseline 0 -20"><span class='ocrx_word' id='word_1_127' title='bbox 313 2637 366 2697; x_wconf 92' lang='lat' dir='ltr'>llle</span> <span class='ocrx_word' id='word_1_128' title='bbox 380 2637 446 2710; x_wconf 81' lang='lat' dir='ltr'>luit3</span> <span class='ocrx_word' id='word_1_129' title='bbox 464 2636 553 2698; x_wconf 87' lang='lat' dir='ltr'>matri</span> <span class='ocrx_word' id='word_1_130' title='bbox 567 2637 707 2716; x_wconf 81' lang='lat' dir='ltr'>proxima</span> <span class='ocrx_word' id='word_1_131' title='bbox 721 2637 812 2699; x_wconf 80' lang='lat' dir='ltr'>busta</span> <span class='ocrx_word' id='word_1_132' title='bbox 827 2637 894 2698; x_wconf 91' lang='lat' dir='ltr'>tuli.</span> <span class='ocrx_word' id='word_1_133' title='bbox 971 2633 972 2636; x_wconf 71' lang='grc'>’</span> 
     </span>
    </p>

    <p class='ocr_par' dir='ltr' id='par_1_14' title="bbox 275 2743 946 2930">
     <span class='ocr_line' id='line_1_23' title="bbox 275 2743 893 2822; baseline -0.003 -18"><span class='ocrx_word' id='word_1_134' title='bbox 275 2743 391 2805; x_wconf 85' lang='lat' dir='ltr'>Felices</span> <span class='ocrx_word' id='word_1_135' title='bbox 405 2745 496 2806; x_wconf 90' lang='lat' dir='ltr'>ambo</span> <span class='ocrx_word' id='word_1_136' title='bbox 514 2745 755 2822; x_wconf 74' lang='lat' dir='ltr'>tempestiveque</span> <span class='ocrx_word' id='word_1_137' title='bbox 770 2745 893 2822; x_wconf 86' lang='lat' dir='ltr'>sepulti,</span> 
     </span>
     <span class='ocr_line' id='line_1_24' title="bbox 320 2850 946 2930; baseline 0.003 -20"><span class='ocrx_word' id='word_1_138' title='bbox 320 2851 397 2912; x_wconf 78' lang='lat' dir='ltr'>Ante</span> <span class='ocrx_word' id='word_1_139' title='bbox 412 2850 492 2912; x_wconf 89' lang='lat' dir='ltr'>diem</span> <span class='ocrx_word' id='word_1_140' title='bbox 506 2868 610 2929; x_wconf 87' lang='lat' dir='ltr'>poenae</span> <span class='ocrx_word' id='word_1_141' title='bbox 624 2851 709 2929; x_wconf 71' lang='lat' dir='ltr'>qued</span> <span class='ocrx_word' id='word_1_142' title='bbox 722 2851 842 2930; x_wconf 88' lang='lat' dir='ltr'>periere</span> <span class='ocrx_word' id='word_1_143' title='bbox 857 2853 946 2913; x_wconf 79' lang='lat' dir='ltr'>meae!</span> 
     </span>
    </p>

    <p class='ocr_par' dir='ltr' id='par_1_15' title="bbox 273 2957 1043 3141">
     <span class='ocr_line' id='line_1_25' title="bbox 273 2957 1043 3036; baseline 0.006 -20"><span class='ocrx_word' id='word_1_144' title='bbox 273 2958 321 3017; x_wconf 88' lang='lat' dir='ltr'>Me</span> <span class='ocrx_word' id='word_1_145' title='bbox 336 2975 458 3035; x_wconf 85' lang='lat' dir='ltr'>quoque</span> <span class='ocrx_word' id='word_1_146' title='bbox 473 2957 603 3032; x_wconf 82' lang='lat' dir='ltr'>felicem,</span> <span class='ocrx_word' id='word_1_147' title='bbox 621 2959 704 3036; x_wconf 89' lang='lat' dir='ltr'>quod</span> <span class='ocrx_word' id='word_1_148' title='bbox 719 2975 782 3020; x_wconf 87' lang='lat' dir='ltr'>nun</span> <span class='ocrx_word' id='word_1_149' title='bbox 796 2958 968 3020; x_wconf 82' lang='lat' dir='ltr'>virentibus</span> <span class='ocrx_word' id='word_1_150' title='bbox 983 2959 1043 3021; x_wconf 93' lang='lat' dir='ltr'>illis</span> 
     </span>
     <span class='ocr_line' id='line_1_26' title="bbox 309 3063 1011 3141; baseline 0 -17"><span class='ocrx_word' id='word_1_151' title='bbox 309 3064 383 3124; x_wconf 85' lang='lat' dir='ltr'>Sum</span> <span class='ocrx_word' id='word_1_152' title='bbox 397 3063 501 3137; x_wconf 86' lang='lat' dir='ltr'>miser,</span> <span class='ocrx_word' id='word_1_153' title='bbox 517 3075 549 3125; x_wconf 94' lang='lat' dir='ltr'>et</span> <span class='ocrx_word' id='word_1_154' title='bbox 563 3065 603 3126; x_wconf 90' lang='lat' dir='ltr'>de</span> <span class='ocrx_word' id='word_1_155' title='bbox 616 3081 664 3125; x_wconf 91' lang='lat' dir='ltr'>me</span> <span class='ocrx_word' id='word_1_156' title='bbox 680 3066 764 3141; x_wconf 86' lang='lat' dir='ltr'>quud</span> <span class='ocrx_word' id='word_1_157' title='bbox 779 3065 909 3126; x_wconf 87' lang='lat' dir='ltr'>doluere</span> <span class='ocrx_word' id='word_1_158' title='bbox 925 3064 1011 3125; x_wconf 88' lang='lat' dir='ltr'>nihil.</span> 
     </span>
    </p>

    <p class='ocr_par' dir='ltr' id='par_1_16' title="bbox 268 3171 1072 3358">
     <span class='ocr_line' id='line_1_27' title="bbox 268 3171 1072 3250; baseline 0.002 -16"><span class='ocrx_word' id='word_1_159' title='bbox 268 3172 298 3234; x_wconf 89' lang='lat' dir='ltr'>sl</span> <span class='ocrx_word' id='word_1_160' title='bbox 311 3184 414 3234; x_wconf 85' lang='lat' dir='ltr'>tamen</span> <span class='ocrx_word' id='word_1_161' title='bbox 429 3172 589 3235; x_wconf 81' lang='lat' dir='ltr'>exstinctis</span> <span class='ocrx_word' id='word_1_162' title='bbox 603 3171 724 3250; x_wconf 82' lang='lat' dir='ltr'>aliquis,</span> <span class='ocrx_word' id='word_1_163' title='bbox 740 3172 948 3246; x_wconf 68' lang='lat' dir='ltr'>munumina,</span> <span class='ocrx_word' id='word_1_164' title='bbox 965 3183 1072 3247; x_wconf 84' lang='lat' dir='ltr'>restat,</span> 
     </span>
     <span class='ocr_line' id='line_1_28' title="bbox 312 3278 1000 3358; baseline 0 -19"><span class='ocrx_word' id='word_1_165' title='bbox 312 3280 348 3339; x_wconf 83' lang='lat' dir='ltr'>Et</span> <span class='ocrx_word' id='word_1_166' title='bbox 362 3278 485 3358; x_wconf 81' lang='lat' dir='ltr'>gracilis</span> <span class='ocrx_word' id='word_1_167' title='bbox 500 3289 637 3341; x_wconf 83' lang='lat' dir='ltr'>structos</span> <span class='ocrx_word' id='word_1_168' title='bbox 651 3278 758 3358; x_wconf 77' lang='lat' dir='ltr'>elingit</span> <span class='ocrx_word' id='word_1_169' title='bbox 771 3281 882 3341; x_wconf 86' lang='lat' dir='ltr'>umbra</span> <span class='ocrx_word' id='word_1_170' title='bbox 897 3295 1000 3357; x_wconf 82' lang='lat' dir='ltr'>rogos,</span> 
     </span>
    </p>

    <p class='ocr_par' dir='ltr' id='par_1_17' title="bbox 268 3387 1078 3576">
     <span class='ocr_line' id='line_1_29' title="bbox 268 3387 1078 3467; baseline 0.004 -20"><span class='ocrx_word' id='word_1_171' title='bbox 268 3387 369 3461; x_wconf 83' lang='lat' dir='ltr'>Fama,</span> <span class='ocrx_word' id='word_1_172' title='bbox 385 3389 578 3466; x_wconf 83' lang='lat' dir='ltr'>parentales,</span> <span class='ocrx_word' id='word_1_173' title='bbox 595 3387 621 3449; x_wconf 81' lang='lat' dir='ltr'>si</span> <span class='ocrx_word' id='word_1_174' title='bbox 636 3405 691 3450; x_wconf 84' lang='lat' dir='ltr'>uus</span> <span class='ocrx_word' id='word_1_175' title='bbox 707 3404 776 3449; x_wconf 86' lang='lat' dir='ltr'>mea</span> <span class='ocrx_word' id='word_1_176' title='bbox 790 3387 931 3467; x_wconf 80' lang='lat' dir='ltr'>contigit,</span> <span class='ocrx_word' id='word_1_177' title='bbox 948 3390 1078 3461; x_wconf 74' lang='lat' dir='ltr'>umbrat,</span> 
     </span>
     <span class='ocr_line' id='line_1_30' title="bbox 312 3494 974 3576; baseline 0.003 -21"><span class='ocrx_word' id='word_1_178' title='bbox 312 3496 349 3555; x_wconf 86' lang='lat' dir='ltr'>Et</span> <span class='ocrx_word' id='word_1_179' title='bbox 363 3507 435 3557; x_wconf 93' lang='lat' dir='ltr'>sunt</span> <span class='ocrx_word' id='word_1_180' title='bbox 453 3496 491 3558; x_wconf 90' lang='lat' dir='ltr'>in</span> <span class='ocrx_word' id='word_1_181' title='bbox 507 3496 615 3576; x_wconf 78' lang='lat' dir='ltr'>stygin</span> <span class='ocrx_word' id='word_1_182' title='bbox 628 3494 758 3558; x_wconf 83' lang='lat' dir='ltr'>crimina</span> <span class='ocrx_word' id='word_1_183' title='bbox 773 3497 974 3569; x_wconf 71' lang='lat' dir='ltr'>nostratuum</span> 
     </span>
    </p>

    <p class='ocr_par' dir='ltr' id='par_1_18' title="bbox 271 3599 1143 3787">
     <span class='ocr_line' id='line_1_31' title="bbox 271 3599 1143 3677; baseline 0.005 -17"><span class='ocrx_word' id='word_1_184' title='bbox 271 3599 362 3672; x_wconf 88' lang='lat' dir='ltr'>Seite,</span> <span class='ocrx_word' id='word_1_185' title='bbox 379 3617 502 3677; x_wconf 87' lang='lat' dir='ltr'>precor,</span> <span class='ocrx_word' id='word_1_186' title='bbox 520 3617 658 3677; x_wconf 79' lang='lat' dir='ltr'>causam,</span> <span class='ocrx_word' id='word_1_187' title='bbox 674 3619 732 3664; x_wconf 87' lang='lat' dir='ltr'>nec</span> <span class='ocrx_word' id='word_1_188' title='bbox 747 3619 803 3664; x_wconf 81' lang='lat' dir='ltr'>vos</span> <span class='ocrx_word' id='word_1_189' title='bbox 817 3602 890 3663; x_wconf 80' lang='lat' dir='ltr'>milri</span> <span class='ocrx_word' id='word_1_190' title='bbox 905 3602 1011 3664; x_wconf 83' lang='lat' dir='ltr'>lallare</span> <span class='ocrx_word' id='word_1_191' title='bbox 1025 3604 1070 3664; x_wconf 88' lang='lat' dir='ltr'>las</span> <span class='ocrx_word' id='word_1_192' title='bbox 1086 3613 1143 3676; x_wconf 82' lang='lat' dir='ltr'>est,</span> 
     </span>
     <span class='ocr_line' id='line_1_32' title="bbox 316 3705 977 3787; baseline 0.008 -21"><span class='ocrx_word' id='word_1_193' title='bbox 316 3705 459 3766; x_wconf 83' lang='lat' dir='ltr'>Errorem</span> <span class='ocrx_word' id='word_1_194' title='bbox 471 3706 582 3786; x_wconf 81' lang='lat' dir='ltr'>jussae,</span> <span class='ocrx_word' id='word_1_195' title='bbox 596 3726 661 3770; x_wconf 71' lang='lat' dir='ltr'>nun</span> <span class='ocrx_word' id='word_1_196' title='bbox 672 3711 785 3784; x_wconf 85' lang='lat' dir='ltr'>scelus,</span> <span class='ocrx_word' id='word_1_197' title='bbox 801 3724 873 3772; x_wconf 83' lang='lat' dir='ltr'>esse</span> <span class='ocrx_word' id='word_1_198' title='bbox 884 3709 977 3787; x_wconf 63' lang='lat' dir='ltr'>indue.</span> 
     </span>
    </p>
   </div>
   <div class='ocr_carea' id='block_1_3' title="bbox 0 0 1483 5002">
    <p class='ocr_par' dir='ltr' id='par_1_19' title="bbox 0 0 1483 5002">
     <span class='ocr_line' id='line_1_33' title="bbox 0 0 1483 5002; baseline 0 0"><span class='ocrx_word' id='word_1_199' title='bbox 0 0 1483 5002; x_wconf 95' lang='lat' dir='ltr'> </span> 
     </span>
    </p>
   </div>
  </div>
 </body>
</html>
