2932 5002
529 349 649 408 ..63-

71 477 158 536 Hune
174 475 287 535 utinam
302 475 387 537 nitidi
395 476 469 538 solis
483 477 675 554 praenuntius
692 489 800 538 nitunt

112 584 223 644 alferat
237 584 370 644 admissa
381 584 489 645 lucifer
503 586 591 646 allius
607 602 702 663 equo.

406 801 587 859 Elrltffla
609 805 677 857 Vl.

76 1007 187 1072 Foedus
201 1011 341 1072 antieitiae
356 1029 412 1072 nee
427 1012 482 1084 vis,
499 1013 668 1085 carissime,
687 1025 816 1085 nostrae,

115 1119 187 1191 Nec,
202 1118 227 1178 si
242 1118 320 1178 sorte
334 1117 419 1190 velle,
435 1117 627 1178 dissimulare
643 1129 745 1195 pates.

75 1229 178 1287 Donec
192 1227 273 1287 eninr
282 1227 378 1299 licuit,
391 1244 447 1287 nec
459 1237 488 1287 te
498 1226 571 1286 inihi
581 1227 682 1288 carior
692 1228 779 1299 alter,

117 1334 177 1394 Nec
191 1332 246 1393 tibi
261 1344 381 1395 metata
393 1333 531 1410 junctior
544 1335 621 1395 urhe
635 1332 702 1394 luit.

76 1438 164 1515 lsque
178 1450 244 1500 erat
257 1457 354 1518 nsque
368 1441 445 1500 aden
459 1440 575 1517 pupulo
591 1449 731 1512 testatus,
749 1450 783 1500 ut
802 1451 885 1500 esset

117 1549 205 1607 Paene
218 1547 313 1626 tnagis
327 1565 418 1625 quam
433 1559 477 1621 tu,
495 1564 647 1625 quamque
662 1564 732 1626 ege,
750 1559 842 1609 natus
860 1564 962 1609 anter.

77 1651 192 1728 Quique
206 1663 272 1714 erat
284 1653 314 1712 in
329 1653 407 1713 caris
421 1653 511 1713 anirni
527 1652 581 1714 tibi
595 1653 712 1714 eander
726 1653 846 1727 amieis,
903 1692 905 1697 «

119 1757 263 1836 (legalius
278 1769 324 1819 est
336 1758 395 1831 isti,
413 1776 504 1836 quern
520 1757 596 1819 cells
611 1757 691 1836 ipse,
707 1759 784 1818 vira.

77 1863 122 1922 Nil
138 1863 179 1925 lta
194 1865 327 1936 celabas,
344 1874 378 1924 nt
390 1882 453 1924 nnn
467 1882 527 1941 ego
543 1864 687 1926 conscius
702 1881 815 1936 essem,

119 1968 360 2045 Pectoribusque
375 1970 468 2030 dabas
488 1971 583 2030 multa
599 1970 729 2048 tegenda
744 1970 829 2030 nreis.

74 2082 193 2158 Cuique
205 2099 263 2159 ega
278 2082 440 2142 narrabam
456 2080 730 2177 seeretivquidquid
743 2081 907 2154 haheharn

124 2192 272 2270 Excepto,
289 2193 372 2269 qnod
386 2209 435 2252 nie
448 2190 592 2270 perdidit,
609 2209 689 2255 unus
704 2209 783 2254 eras.

77 2300 112 2360 ld
126 2316 249 2377 quoque
264 2299 289 2359 si
304 2299 426 2373 scisses,
444 2300 528 2360 salvo
543 2299 682 2361 fruerere
697 2300 806 2371 sodali,

120 2405 313 2483 consilioque
331 2407 429 2466 larena
442 2424 562 2483 sospes,
579 2405 687 2478 amice,
704 2417 769 2467 tun.

79 2516 140 2576 Sed
159 2531 227 2575 mea
240 2531 290 2574 rne
303 2515 334 2575 iu
350 2530 474 2591 poenarn
488 2512 632 2573 nimirum
648 2514 709 2574 lata
724 2514 896 2574 trahebant:

119 2621 214 2682 Omne
230 2620 321 2681 bonae
335 2620 483 2680 claudunt
496 2617 635 2680 utilitatis
649 2618 720 2679 iter.

74 2730 145 2791 Sive
160 2730 273 2791 malurn
288 2727 374 2806 potui
392 2739 494 2790 tarnen
509 2728 681 2790 haesitare
697 2728 846 2801 cavenda,

119 2837 179 2897 Seu
193 2835 271 2896 ratio
286 2834 381 2896 fatum
395 2834 517 2895 vincere
532 2835 616 2896 nulla
630 2835 721 2907 valen

28 2959 37 2964 ·
77 2945 123 3003 Tu
138 2953 249 3016 tamen,
267 2960 285 3003 ο
305 2941 394 3003 nobis
409 2960 467 3003 usu
478 2941 672 3019 iunctissime
687 2944 794 3021 longo,

119 3054 191 3114 Pars
205 3053 347 3114 desiderii
361 3053 493 3114 inanima
506 3069 595 3129 paene
610 3054 682 3126 mei,

76 3157 124 3218 Sis
138 3175 266 3219 memor:
283 3170 314 3220 et
330 3159 445 3236 siquas
460 3156 533 3219 lecit
548 3158 601 3220 tihi
615 3158 715 3237 ,gratia
734 3160 824 3232 vires,

119 3268 187 3329 lllas
202 3285 260 3345 pro
275 3266 364 3327 nobis
378 3266 540 3344 experiare
555 3284 644 3343 roga:

57 3358 60 3362 ⁴
79 3373 215 3435 Numinis
232 3385 266 3435 ut
280 3373 345 3432 laesi
360 3372 411 3434 fiat
423 3371 611 3433 mansuetior
626 3373 683 3439 ira,
718 3440 719 3444 Ἰ

119 3481 296 3554 Mutatoque
310 3478 410 3538 minor
425 3479 464 3539 sit
479 3494 546 3539 mea
560 3496 653 3554 poena
667 3481 748 3540 leco.

78 3586 174 3661 ldque
187 3583 240 3656 ita,
257 3582 283 3642 si
298 3583 416 3644 nullutn
431 3584 532 3645 scelus
548 3584 640 3645 estin
655 3595 781 3661 peetnre
796 3595 915 3655 nostro,

121 3688 366 3770 Principiumque
384 3689 443 3753 rnei
458 3688 592 3753 criminis
606 3707 695 3753 error
709 3690 810 3754 habet.

921 3738 950 3844 ὲ,
