<?xml version="1.0" encoding="UTF-8"?>
<!DOCTYPE html PUBLIC "-//W3C//DTD XHTML 1.0 Transitional//EN"
    "http://www.w3.org/TR/xhtml1/DTD/xhtml1-transitional.dtd">
<html xmlns="http://www.w3.org/1999/xhtml" xml:lang="en" lang="en">
 <head>
  <title>
</title>
<meta http-equiv="Content-Type" content="text/html;charset=utf-8" />
  <meta name='ocr-system' content='tesseract 3.04.00' />
  <meta name='ocr-capabilities' content='ocr_page ocr_carea ocr_par ocr_line ocrx_word'/>
</head>
<body>
  <div class='ocr_page' id='page_1' title='image "./povidiinasonist01ovidgoog_0130.png"; bbox 0 0 2932 5002; ppageno 0'>
   <div class='ocr_carea' id='block_1_1' title="bbox 709 350 870 442">
    <p class='ocr_par' dir='ltr' id='par_1_1' title="bbox 709 350 870 442">
     <span class='ocr_line' id='line_1_1' title="bbox 709 350 870 442; baseline 0 0"><span class='ocrx_word' id='word_1_1' title='bbox 709 350 870 442; x_wconf 48' lang='lat' dir='ltr'><strong>-aarss</strong></span> 
     </span>
    </p>
   </div>
   <div class='ocr_carea' id='block_1_2' title="bbox 259 518 1151 1240">
    <p class='ocr_par' dir='ltr' id='par_1_2' title="bbox 302 518 1029 598">
     <span class='ocr_line' id='line_1_2' title="bbox 302 518 1029 598; baseline 0.004 -17"><span class='ocrx_word' id='word_1_2' title='bbox 302 520 438 581; x_wconf 83' lang='lat' dir='ltr'><strong>Carmina</strong></span> <span class='ocrx_word' id='word_1_3' title='bbox 453 528 557 580; x_wconf 92' lang='lat' dir='ltr'><strong>nostra</strong></span> <span class='ocrx_word' id='word_1_4' title='bbox 572 529 639 579; x_wconf 87' lang='lat' dir='ltr'><strong>tuas</strong></span> <span class='ocrx_word' id='word_1_5' title='bbox 659 518 890 598; x_wconf 79' lang='lat' dir='ltr'>qualiacumque</span> <span class='ocrx_word' id='word_1_6' title='bbox 905 533 1029 584; x_wconf 86' lang='lat' dir='ltr'><strong>canunt:</strong></span> 
     </span>
    </p>

    <p class='ocr_par' dir='ltr' id='par_1_3' title="bbox 259 623 1036 812">
     <span class='ocr_line' id='line_1_3' title="bbox 259 623 1035 701; baseline 0.006 -17"><span class='ocrx_word' id='word_1_7' title='bbox 259 627 333 686; x_wconf 87' lang='lat' dir='ltr'><strong>Jnre</strong></span> <span class='ocrx_word' id='word_1_8' title='bbox 342 628 431 699; x_wconf 85' lang='lat' dir='ltr'><strong>Deos,</strong></span> <span class='ocrx_word' id='word_1_9' title='bbox 448 634 482 685; x_wconf 93' lang='lat' dir='ltr'><strong>ut</strong></span> <span class='ocrx_word' id='word_1_10' title='bbox 496 625 596 685; x_wconf 90' lang='lat' dir='ltr'><strong>adhuc</strong></span> <span class='ocrx_word' id='word_1_11' title='bbox 611 623 681 684; x_wconf 85' lang='lat' dir='ltr'><strong>coeli</strong></span> <span class='ocrx_word' id='word_1_12' title='bbox 696 624 749 685; x_wconf 92' lang='lat' dir='ltr'><strong>tibi</strong></span> <span class='ocrx_word' id='word_1_13' title='bbox 764 624 866 686; x_wconf 90' lang='lat' dir='ltr'><strong>limina</strong></span> <span class='ocrx_word' id='word_1_14' title='bbox 880 627 1035 701; x_wconf 77' lang='lat' dir='ltr'>claudant,</span> 
     </span>
     <span class='ocr_line' id='line_1_4' title="bbox 302 733 1036 812; baseline 0.003 -18"><span class='ocrx_word' id='word_1_15' title='bbox 302 735 404 811; x_wconf 81' lang='lat' dir='ltr'>Teque</span> <span class='ocrx_word' id='word_1_16' title='bbox 416 733 509 795; x_wconf 85' lang='lat' dir='ltr'><strong>velint</strong></span> <span class='ocrx_word' id='word_1_17' title='bbox 523 733 587 794; x_wconf 91' lang='lat' dir='ltr'><strong>sine</strong></span> <span class='ocrx_word' id='word_1_18' title='bbox 604 750 638 794; x_wconf 87' lang='lat' dir='ltr'><strong>sc</strong></span> <span class='ocrx_word' id='word_1_19' title='bbox 651 750 833 812; x_wconf 81' lang='lat' dir='ltr'><strong>comprecor</strong></span> <span class='ocrx_word' id='word_1_20' title='bbox 847 752 916 797; x_wconf 87' lang='lat' dir='ltr'><strong>esse</strong></span> <span class='ocrx_word' id='word_1_21' title='bbox 929 736 1036 798; x_wconf 82' lang='lat' dir='ltr'><strong>Deum.</strong></span> 
     </span>
    </p>

    <p class='ocr_par' dir='ltr' id='par_1_4' title="bbox 260 826 1151 1027">
     <span class='ocr_line' id='line_1_5' title="bbox 260 826 1151 918; baseline 0.007 -18"><span class='ocrx_word' id='word_1_22' title='bbox 260 841 351 918; x_wconf 81' lang='lat' dir='ltr'><strong>Optat</strong></span> <span class='ocrx_word' id='word_1_23' title='bbox 365 841 445 902; x_wconf 89' lang='lat' dir='ltr'><strong>idem</strong></span> <span class='ocrx_word' id='word_1_24' title='bbox 463 841 607 917; x_wconf 88' lang='lat' dir='ltr'><strong>populus:</strong></span> <span class='ocrx_word' id='word_1_25' title='bbox 625 841 679 901; x_wconf 85' lang='lat' dir='ltr'><strong>sed</strong></span> <span class='ocrx_word' id='word_1_26' title='bbox 693 850 726 901; x_wconf 91' lang='lat' dir='ltr'><strong>ut</strong></span> <span class='ocrx_word' id='word_1_27' title='bbox 740 841 771 901; x_wconf 91' lang='lat' dir='ltr'><strong>in</strong></span> <span class='ocrx_word' id='word_1_28' title='bbox 786 826 870 902; x_wconf 87' lang='lat' dir='ltr'><strong>mare</strong></span> <span class='ocrx_word' id='word_1_29' title='bbox 888 841 1011 904; x_wconf 87' lang='lat' dir='ltr'><strong>llnmina</strong></span> <span class='ocrx_word' id='word_1_30' title='bbox 1021 852 1151 917; x_wconf 83' lang='lat' dir='ltr'><strong>vastum,</strong></span> 
     </span>
     <span class='ocr_line' id='line_1_6' title="bbox 300 923 919 1027; baseline 0.002 -16"><span class='ocrx_word' id='word_1_31' title='bbox 300 923 350 1011; x_wconf 82' lang='lat' dir='ltr'><strong>Sic</strong></span> <span class='ocrx_word' id='word_1_32' title='bbox 365 951 444 1010; x_wconf 88' lang='lat' dir='ltr'><strong>solet</strong></span> <span class='ocrx_word' id='word_1_33' title='bbox 458 948 576 1027; x_wconf 80' lang='lat' dir='ltr'><strong>exiguae</strong></span> <span class='ocrx_word' id='word_1_34' title='bbox 590 966 714 1010; x_wconf 89' lang='lat' dir='ltr'><strong>currere</strong></span> <span class='ocrx_word' id='word_1_35' title='bbox 728 949 811 1010; x_wconf 85' lang='lat' dir='ltr'><strong>rivus</strong></span> <span class='ocrx_word' id='word_1_36' title='bbox 821 965 919 1027; x_wconf 78' lang='lat' dir='ltr'><strong>aquae.</strong></span> 
     </span>
    </p>

    <p class='ocr_par' dir='ltr' id='par_1_5' title="bbox 260 1056 975 1240">
     <span class='ocr_line' id='line_1_7' title="bbox 260 1056 975 1132; baseline -0.001 -14"><span class='ocrx_word' id='word_1_37' title='bbox 260 1056 298 1118; x_wconf 77' lang='lat' dir='ltr'><strong>At</strong></span> <span class='ocrx_word' id='word_1_38' title='bbox 313 1067 346 1117; x_wconf 94' lang='lat' dir='ltr'><strong>tu</strong></span> <span class='ocrx_word' id='word_1_39' title='bbox 361 1056 526 1128; x_wconf 79' lang='lat' dir='ltr'><strong>fortunam,</strong></span> <span class='ocrx_word' id='word_1_40' title='bbox 543 1056 631 1132; x_wconf 86' lang='lat' dir='ltr'><strong>cnjus</strong></span> <span class='ocrx_word' id='word_1_41' title='bbox 646 1072 740 1115; x_wconf 87' lang='lat' dir='ltr'><strong>vocor</strong></span> <span class='ocrx_word' id='word_1_42' title='bbox 754 1057 842 1116; x_wconf 82' lang='lat' dir='ltr'><strong>exsul</strong></span> <span class='ocrx_word' id='word_1_43' title='bbox 855 1057 894 1117; x_wconf 87' lang='lat' dir='ltr'><strong>ab</strong></span> <span class='ocrx_word' id='word_1_44' title='bbox 909 1073 975 1129; x_wconf 86' lang='lat' dir='ltr'><strong>ore,</strong></span> 
     </span>
     <span class='ocr_line' id='line_1_8' title="bbox 303 1160 955 1240; baseline 0 -20"><span class='ocrx_word' id='word_1_45' title='bbox 303 1160 428 1222; x_wconf 86' lang='lat' dir='ltr'><strong>Nomine</strong></span> <span class='ocrx_word' id='word_1_46' title='bbox 439 1160 577 1221; x_wconf 86' lang='lat' dir='ltr'>mendaci</span> <span class='ocrx_word' id='word_1_47' title='bbox 590 1176 684 1240; x_wconf 87' lang='lat' dir='ltr'><strong>parce</strong></span> <span class='ocrx_word' id='word_1_48' title='bbox 705 1175 831 1238; x_wconf 81' lang='lat' dir='ltr'><strong>gravaro</strong></span> <span class='ocrx_word' id='word_1_49' title='bbox 846 1177 955 1222; x_wconf 89' lang='lat' dir='ltr'><strong>meam.</strong></span> 
     </span>
    </p>
   </div>
   <div class='ocr_carea' id='block_1_3' title="bbox 623 1379 919 1436">
    <p class='ocr_par' dir='ltr' id='par_1_6' title="bbox 623 1379 919 1436">
     <span class='ocr_line' id='line_1_9' title="bbox 623 1379 919 1436; baseline 0.007 -4"><span class='ocrx_word' id='word_1_50' title='bbox 623 1379 805 1435; x_wconf 70' lang='lat' dir='ltr'><strong>numu</strong></span> <span class='ocrx_word' id='word_1_51' title='bbox 826 1380 919 1436; x_wconf 81' lang='lat' dir='ltr'><strong>m.</strong></span> 
     </span>
    </p>
   </div>
   <div class='ocr_carea' id='block_1_4' title="bbox 239 1586 1174 2312">
    <p class='ocr_par' dir='ltr' id='par_1_7' title="bbox 259 1586 1073 1773">
     <span class='ocr_line' id='line_1_10' title="bbox 259 1586 1073 1671; baseline 0.005 -21"><span class='ocrx_word' id='word_1_52' title='bbox 259 1589 386 1662; x_wconf 81' lang='lat' dir='ltr'><strong>Scribis,</strong></span> <span class='ocrx_word' id='word_1_53' title='bbox 402 1598 436 1649; x_wconf 91' lang='lat' dir='ltr'><strong>ut</strong></span> <span class='ocrx_word' id='word_1_54' title='bbox 449 1589 601 1649; x_wconf 88' lang='lat' dir='ltr'><strong>oblectem</strong></span> <span class='ocrx_word' id='word_1_55' title='bbox 616 1586 717 1650; x_wconf 88' lang='lat' dir='ltr'><strong>studio</strong></span> <span class='ocrx_word' id='word_1_56' title='bbox 732 1589 927 1668; x_wconf 83' lang='lat' dir='ltr'><strong>lacrymabile</strong></span> <span class='ocrx_word' id='word_1_57' title='bbox 940 1600 1073 1671; x_wconf 88' lang='lat' dir='ltr'><strong>tempus,</strong></span> 
     </span>
     <span class='ocr_line' id='line_1_11' title="bbox 302 1693 925 1773; baseline 0.003 -18"><span class='ocrx_word' id='word_1_58' title='bbox 302 1695 344 1756; x_wconf 86' lang='lat' dir='ltr'><strong>Ne</strong></span> <span class='ocrx_word' id='word_1_59' title='bbox 357 1705 485 1773; x_wconf 88' lang='lat' dir='ltr'><strong>pereant</strong></span> <span class='ocrx_word' id='word_1_60' title='bbox 500 1693 580 1772; x_wconf 88' lang='lat' dir='ltr'><strong>turpi</strong></span> <span class='ocrx_word' id='word_1_61' title='bbox 594 1705 721 1773; x_wconf 86' lang='lat' dir='ltr'><strong>pectora</strong></span> <span class='ocrx_word' id='word_1_62' title='bbox 735 1704 840 1756; x_wconf 88' lang='lat' dir='ltr'><strong>nostra</strong></span> <span class='ocrx_word' id='word_1_63' title='bbox 855 1695 925 1757; x_wconf 89' lang='lat' dir='ltr'><strong>situ.</strong></span> 
     </span>
    </p>

    <p class='ocr_par' dir='ltr' id='par_1_8' title="bbox 258 1800 1174 1987">
     <span class='ocr_line' id='line_1_12' title="bbox 258 1800 1174 1879; baseline 0.002 -17"><span class='ocrx_word' id='word_1_64' title='bbox 258 1800 384 1864; x_wconf 85' lang='lat' dir='ltr'><strong>Difficile</strong></span> <span class='ocrx_word' id='word_1_65' title='bbox 398 1802 549 1878; x_wconf 87' lang='lat' dir='ltr'><strong>estquod,</strong></span> <span class='ocrx_word' id='word_1_66' title='bbox 566 1801 673 1875; x_wconf 82' lang='lat' dir='ltr'><strong>amice,</strong></span> <span class='ocrx_word' id='word_1_67' title='bbox 689 1817 807 1874; x_wconf 87' lang='lat' dir='ltr'><strong>mones;</strong></span> <span class='ocrx_word' id='word_1_68' title='bbox 825 1802 895 1879; x_wconf 91' lang='lat' dir='ltr'><strong>quia</strong></span> <span class='ocrx_word' id='word_1_69' title='bbox 908 1803 1042 1863; x_wconf 87' lang='lat' dir='ltr'><strong>carmina</strong></span> <span class='ocrx_word' id='word_1_70' title='bbox 1069 1804 1174 1865; x_wconf 87' lang='lat' dir='ltr'><strong>laetnm</strong></span> 
     </span>
     <span class='ocr_line' id='line_1_13' title="bbox 301 1908 1029 1987; baseline -0.001 -16"><span class='ocrx_word' id='word_1_71' title='bbox 301 1912 378 1971; x_wconf 90' lang='lat' dir='ltr'>Sunt</span> <span class='ocrx_word' id='word_1_72' title='bbox 392 1926 482 1987; x_wconf 91' lang='lat' dir='ltr'><strong>opus,</strong></span> <span class='ocrx_word' id='word_1_73' title='bbox 496 1920 527 1970; x_wconf 90' lang='lat' dir='ltr'><strong>et</strong></span> <span class='ocrx_word' id='word_1_74' title='bbox 543 1924 650 1987; x_wconf 86' lang='lat' dir='ltr'><strong>pacem</strong></span> <span class='ocrx_word' id='word_1_75' title='bbox 665 1908 776 1969; x_wconf 86' lang='lat' dir='ltr'><strong>mentis</strong></span> <span class='ocrx_word' id='word_1_76' title='bbox 788 1909 901 1969; x_wconf 86' lang='lat' dir='ltr'><strong>habere</strong></span> <span class='ocrx_word' id='word_1_77' title='bbox 912 1910 1029 1971; x_wconf 85' lang='lat' dir='ltr'><strong>volunt.</strong></span> 
     </span>
    </p>

    <p class='ocr_par' dir='ltr' id='par_1_9' title="bbox 257 2017 1021 2098">
     <span class='ocr_line' id='line_1_14' title="bbox 257 2017 1021 2098; baseline 0 -18"><span class='ocrx_word' id='word_1_78' title='bbox 257 2021 366 2081; x_wconf 85' lang='lat' dir='ltr'><strong>Nostra</strong></span> <span class='ocrx_word' id='word_1_79' title='bbox 380 2037 436 2098; x_wconf 90' lang='lat' dir='ltr'><strong>per</strong></span> <span class='ocrx_word' id='word_1_80' title='bbox 450 2021 594 2081; x_wconf 86' lang='lat' dir='ltr'><strong>adversas</strong></span> <span class='ocrx_word' id='word_1_81' title='bbox 608 2018 709 2097; x_wconf 76' lang='lat' dir='ltr'><strong>agitur</strong></span> <span class='ocrx_word' id='word_1_82' title='bbox 722 2017 845 2079; x_wconf 81' lang='lat' dir='ltr'><strong>fortuna</strong></span> <span class='ocrx_word' id='word_1_83' title='bbox 858 2019 1021 2097; x_wconf 87' lang='lat' dir='ltr'><strong>procellas,</strong></span> 
     </span>
    </p>

    <p class='ocr_par' dir='ltr' id='par_1_10' title="bbox 239 2125 954 2205">
     <span class='ocr_line' id='line_1_15' title="bbox 239 2125 954 2205; baseline -0.004 -16"><span class='ocrx_word' id='word_1_84' title='bbox 239 2155 242 2162; x_wconf 93' lang='lat'>·</span> <span class='ocrx_word' id='word_1_85' title='bbox 302 2131 391 2191; x_wconf 87' lang='lat' dir='ltr'><strong>Sorte</strong></span> <span class='ocrx_word' id='word_1_86' title='bbox 406 2145 463 2189; x_wconf 90' lang='lat' dir='ltr'><strong>nec</strong></span> <span class='ocrx_word' id='word_1_87' title='bbox 478 2128 540 2188; x_wconf 92' lang='lat' dir='ltr'><strong>ulla</strong></span> <span class='ocrx_word' id='word_1_88' title='bbox 554 2143 621 2187; x_wconf 91' lang='lat' dir='ltr'><strong>mea</strong></span> <span class='ocrx_word' id='word_1_89' title='bbox 633 2125 749 2187; x_wconf 80' lang='lat' dir='ltr'><strong>tristior</strong></span> <span class='ocrx_word' id='word_1_90' title='bbox 763 2142 831 2188; x_wconf 88' lang='lat' dir='ltr'><strong>esse</strong></span> <span class='ocrx_word' id='word_1_91' title='bbox 841 2136 954 2205; x_wconf 88' lang='lat' dir='ltr'><strong>potest.</strong></span> 
     </span>
    </p>

    <p class='ocr_par' dir='ltr' id='par_1_11' title="bbox 263 2230 995 2312">
     <span class='ocr_line' id='line_1_16' title="bbox 263 2230 995 2312; baseline -0.003 -16"><span class='ocrx_word' id='word_1_92' title='bbox 263 2234 364 2312; x_wconf 82' lang='lat' dir='ltr'><strong>Exigis</strong></span> <span class='ocrx_word' id='word_1_93' title='bbox 378 2246 412 2296; x_wconf 94' lang='lat' dir='ltr'><strong>ut</strong></span> <span class='ocrx_word' id='word_1_94' title='bbox 429 2233 564 2294; x_wconf 89' lang='lat' dir='ltr'><strong>Priamus</strong></span> <span class='ocrx_word' id='word_1_95' title='bbox 579 2242 722 2293; x_wconf 86' lang='lat' dir='ltr'><strong>natorum</strong></span> <span class='ocrx_word' id='word_1_96' title='bbox 737 2230 767 2292; x_wconf 91' lang='lat' dir='ltr'><strong>in</strong></span> <span class='ocrx_word' id='word_1_97' title='bbox 780 2231 887 2294; x_wconf 81' lang='lat' dir='ltr'><strong>sunere</strong></span> <span class='ocrx_word' id='word_1_98' title='bbox 900 2233 995 2306; x_wconf 89' lang='lat' dir='ltr'><strong>ludat,</strong></span> 
     </span>
    </p>
   </div>
   <div class='ocr_carea' id='block_1_5' title="bbox 257 2337 961 2516">
    <p class='ocr_par' dir='ltr' id='par_1_12' title="bbox 257 2337 961 2516">
     <span class='ocr_line' id='line_1_17' title="bbox 300 2337 939 2401; baseline -0.008 -1"><span class='ocrx_word' id='word_1_99' title='bbox 300 2342 337 2401; x_wconf 88' lang='lat' dir='ltr'><strong>Et</strong></span> <span class='ocrx_word' id='word_1_100' title='bbox 349 2340 443 2400; x_wconf 90' lang='lat' dir='ltr'><strong>Niobe</strong></span> <span class='ocrx_word' id='word_1_101' title='bbox 463 2339 557 2400; x_wconf 83' lang='lat' dir='ltr'><strong>festos</strong></span> <span class='ocrx_word' id='word_1_102' title='bbox 572 2337 665 2398; x_wconf 89' lang='lat' dir='ltr'><strong>ducat</strong></span> <span class='ocrx_word' id='word_1_103' title='bbox 683 2347 717 2397; x_wconf 94' lang='lat' dir='ltr'><strong>ut</strong></span> <span class='ocrx_word' id='word_1_104' title='bbox 728 2337 803 2397; x_wconf 88' lang='lat' dir='ltr'><strong>orba</strong></span> <span class='ocrx_word' id='word_1_105' title='bbox 817 2338 939 2396; x_wconf 89' lang='lat' dir='ltr'><strong>choros.</strong></span> 
     </span>
     <span class='ocr_line' id='line_1_18' title="bbox 257 2439 961 2516; baseline -0.02 -4"><span class='ocrx_word' id='word_1_106' title='bbox 257 2446 416 2516; x_wconf 76' lang='lat' dir='ltr'><strong>Luctibus,</strong></span> <span class='ocrx_word' id='word_1_107' title='bbox 433 2460 473 2503; x_wconf 91' lang='lat' dir='ltr'><strong>an</strong></span> <span class='ocrx_word' id='word_1_108' title='bbox 488 2440 588 2501; x_wconf 89' lang='lat' dir='ltr'><strong>studio</strong></span> <span class='ocrx_word' id='word_1_109' title='bbox 603 2439 711 2498; x_wconf 86' lang='lat' dir='ltr'><strong>videor</strong></span> <span class='ocrx_word' id='word_1_110' title='bbox 727 2440 839 2498; x_wconf 88' lang='lat' dir='ltr'><strong>debere</strong></span> <span class='ocrx_word' id='word_1_111' title='bbox 853 2440 961 2511; x_wconf 86' lang='lat' dir='ltr'><strong>teneri,</strong></span> 
     </span>
    </p>
   </div>
   <div class='ocr_carea' id='block_1_6' title="bbox 257 2545 1058 3802">
    <p class='ocr_par' dir='ltr' id='par_1_13' title="bbox 300 2545 931 2621">
     <span class='ocr_line' id='line_1_19' title="bbox 300 2545 931 2621; baseline -0.013 -8"><span class='ocrx_word' id='word_1_112' title='bbox 300 2552 391 2613; x_wconf 92' lang='lat' dir='ltr'><strong>Solus</strong></span> <span class='ocrx_word' id='word_1_113' title='bbox 402 2550 432 2608; x_wconf 91' lang='lat' dir='ltr'><strong>in</strong></span> <span class='ocrx_word' id='word_1_114' title='bbox 448 2557 603 2609; x_wconf 84' lang='lat' dir='ltr'><strong>extremos</strong></span> <span class='ocrx_word' id='word_1_115' title='bbox 613 2545 720 2621; x_wconf 86' lang='lat' dir='ltr'><strong>jussus</strong></span> <span class='ocrx_word' id='word_1_116' title='bbox 730 2546 814 2606; x_wconf 87' lang='lat' dir='ltr'><strong>abire</strong></span> <span class='ocrx_word' id='word_1_117' title='bbox 827 2546 931 2605; x_wconf 73' lang='lat' dir='ltr'><strong>Getas?</strong></span> 
     </span>
    </p>

    <p class='ocr_par' dir='ltr' id='par_1_14' title="bbox 259 2651 1058 2840">
     <span class='ocr_line' id='line_1_20' title="bbox 259 2651 1058 2733; baseline -0.004 -17"><span class='ocrx_word' id='word_1_118' title='bbox 259 2657 319 2716; x_wconf 86' lang='lat' dir='ltr'><strong>Des</strong></span> <span class='ocrx_word' id='word_1_119' title='bbox 337 2656 409 2716; x_wconf 90' lang='lat' dir='ltr'><strong>licet</strong></span> <span class='ocrx_word' id='word_1_120' title='bbox 424 2656 473 2719; x_wconf 87' lang='lat' dir='ltr'><strong>bic</strong></span> <span class='ocrx_word' id='word_1_121' title='bbox 486 2655 583 2716; x_wconf 87' lang='lat' dir='ltr'><strong>valido</strong></span> <span class='ocrx_word' id='word_1_122' title='bbox 598 2663 708 2733; x_wconf 92' lang='lat' dir='ltr'><strong>pectus</strong></span> <span class='ocrx_word' id='word_1_123' title='bbox 724 2652 796 2714; x_wconf 90' lang='lat' dir='ltr'><strong>mibi</strong></span> <span class='ocrx_word' id='word_1_124' title='bbox 811 2653 923 2713; x_wconf 87' lang='lat' dir='ltr'><strong>robore</strong></span> <span class='ocrx_word' id='word_1_125' title='bbox 936 2651 1058 2725; x_wconf 83' lang='lat' dir='ltr'><strong>fultum,</strong></span> 
     </span>
     <span class='ocr_line' id='line_1_21' title="bbox 302 2759 894 2840; baseline 0.002 -20"><span class='ocrx_word' id='word_1_126' title='bbox 302 2763 391 2822; x_wconf 87' lang='lat' dir='ltr'><strong>Fama</strong></span> <span class='ocrx_word' id='word_1_127' title='bbox 407 2762 503 2827; x_wconf 83' lang='lat' dir='ltr'><strong>resart</strong></span> <span class='ocrx_word' id='word_1_128' title='bbox 516 2761 604 2840; x_wconf 79' lang='lat' dir='ltr'><strong>Anyti</strong></span> <span class='ocrx_word' id='word_1_129' title='bbox 619 2762 709 2838; x_wconf 91' lang='lat' dir='ltr'><strong>quale</strong></span> <span class='ocrx_word' id='word_1_130' title='bbox 723 2759 817 2821; x_wconf 87' lang='lat' dir='ltr'><strong>luisse</strong></span> <span class='ocrx_word' id='word_1_131' title='bbox 829 2776 894 2833; x_wconf 88' lang='lat' dir='ltr'><strong>reo;</strong></span> 
     </span>
    </p>

    <p class='ocr_par' dir='ltr' id='par_1_15' title="bbox 258 2865 968 3035">
     <span class='ocr_line' id='line_1_22' title="bbox 258 2865 968 2945; baseline -0.001 -18"><span class='ocrx_word' id='word_1_132' title='bbox 258 2869 367 2928; x_wconf 81' lang='lat' dir='ltr'><strong>Fracta</strong></span> <span class='ocrx_word' id='word_1_133' title='bbox 382 2870 471 2933; x_wconf 85' lang='lat' dir='ltr'><strong>cadat</strong></span> <span class='ocrx_word' id='word_1_134' title='bbox 487 2878 580 2930; x_wconf 78' lang='lat' dir='ltr'><strong>tantae</strong></span> <span class='ocrx_word' id='word_1_135' title='bbox 602 2865 750 2945; x_wconf 88' lang='lat' dir='ltr'><strong>sapientia</strong></span> <span class='ocrx_word' id='word_1_136' title='bbox 764 2869 846 2927; x_wconf 90' lang='lat' dir='ltr'><strong>mole</strong></span> <span class='ocrx_word' id='word_1_137' title='bbox 859 2865 968 2926; x_wconf 86' lang='lat' dir='ltr'><strong>ruinae:</strong></span> 
     </span>
     <span class='ocr_line' id='line_1_23' title="bbox 298 2971 892 3035; baseline -0.002 -2"><span class='ocrx_word' id='word_1_138' title='bbox 298 2975 371 3033; x_wconf 86' lang='lat' dir='ltr'><strong>Plus</strong></span> <span class='ocrx_word' id='word_1_139' title='bbox 383 2975 464 3035; x_wconf 83' lang='lat' dir='ltr'><strong>valet</strong></span> <span class='ocrx_word' id='word_1_140' title='bbox 478 2973 619 3035; x_wconf 92' lang='lat' dir='ltr'><strong>humanis</strong></span> <span class='ocrx_word' id='word_1_141' title='bbox 644 2973 759 3034; x_wconf 81' lang='lat' dir='ltr'><strong>viribus</strong></span> <span class='ocrx_word' id='word_1_142' title='bbox 772 2972 817 3033; x_wconf 92' lang='lat' dir='ltr'><strong>ira</strong></span> <span class='ocrx_word' id='word_1_143' title='bbox 829 2971 892 3033; x_wconf 81' lang='lat' dir='ltr'><strong>liei.</strong></span> 
     </span>
    </p>

    <p class='ocr_par' dir='ltr' id='par_1_16' title="bbox 258 3077 1027 3262">
     <span class='ocr_line' id='line_1_24' title="bbox 258 3077 1027 3158; baseline -0.004 -17"><span class='ocrx_word' id='word_1_144' title='bbox 258 3079 310 3141; x_wconf 87' lang='lat' dir='ltr'><strong>Ille</strong></span> <span class='ocrx_word' id='word_1_145' title='bbox 325 3095 421 3140; x_wconf 83' lang='lat' dir='ltr'><strong>senex</strong></span> <span class='ocrx_word' id='word_1_146' title='bbox 437 3079 536 3143; x_wconf 88' lang='lat' dir='ltr'><strong>dictus</strong></span> <span class='ocrx_word' id='word_1_147' title='bbox 551 3079 673 3158; x_wconf 89' lang='lat' dir='ltr'><strong>sapiens</strong></span> <span class='ocrx_word' id='word_1_148' title='bbox 687 3079 726 3141; x_wconf 89' lang='lat' dir='ltr'><strong>ab</strong></span> <span class='ocrx_word' id='word_1_149' title='bbox 744 3077 894 3157; x_wconf 83' lang='lat' dir='ltr'><strong>Apolline,</strong></span> <span class='ocrx_word' id='word_1_150' title='bbox 910 3079 1027 3138; x_wconf 88' lang='lat' dir='ltr'><strong>nullum</strong></span> 
     </span>
     <span class='ocr_line' id='line_1_25' title="bbox 305 3185 964 3262; baseline -0.006 -14"><span class='ocrx_word' id='word_1_151' title='bbox 305 3187 446 3249; x_wconf 86' lang='lat' dir='ltr'><strong>Scribere</strong></span> <span class='ocrx_word' id='word_1_152' title='bbox 462 3188 493 3247; x_wconf 93' lang='lat' dir='ltr'><strong>in</strong></span> <span class='ocrx_word' id='word_1_153' title='bbox 511 3189 570 3249; x_wconf 90' lang='lat' dir='ltr'><strong>boc</strong></span> <span class='ocrx_word' id='word_1_154' title='bbox 586 3205 660 3250; x_wconf 88' lang='lat' dir='ltr'><strong>casu</strong></span> <span class='ocrx_word' id='word_1_155' title='bbox 672 3185 866 3249; x_wconf 86' lang='lat' dir='ltr'><strong>sustinnisset</strong></span> <span class='ocrx_word' id='word_1_156' title='bbox 875 3203 964 3262; x_wconf 88' lang='lat' dir='ltr'><strong>opus.</strong></span> 
     </span>
    </p>

    <p class='ocr_par' dir='ltr' id='par_1_17' title="bbox 261 3293 958 3476">
     <span class='ocr_line' id='line_1_26' title="bbox 261 3293 957 3371; baseline -0.003 -17"><span class='ocrx_word' id='word_1_157' title='bbox 261 3293 298 3354; x_wconf 89' lang='lat' dir='ltr'><strong>Ut</strong></span> <span class='ocrx_word' id='word_1_158' title='bbox 311 3295 418 3371; x_wconf 86' lang='lat' dir='ltr'><strong>patriae</strong></span> <span class='ocrx_word' id='word_1_159' title='bbox 434 3294 566 3367; x_wconf 86' lang='lat' dir='ltr'><strong>veniant,</strong></span> <span class='ocrx_word' id='word_1_160' title='bbox 590 3295 714 3356; x_wconf 82' lang='lat' dir='ltr'><strong>veniant</strong></span> <span class='ocrx_word' id='word_1_161' title='bbox 729 3293 840 3355; x_wconf 88' lang='lat' dir='ltr'><strong>oblivia</strong></span> <span class='ocrx_word' id='word_1_162' title='bbox 853 3294 957 3365; x_wconf 85' lang='lat' dir='ltr'><strong>vestri;</strong></span> 
     </span>
     <span class='ocr_line' id='line_1_27' title="bbox 300 3399 958 3476; baseline -0.002 -17"><span class='ocrx_word' id='word_1_163' title='bbox 300 3399 406 3461; x_wconf 84' lang='lat' dir='ltr'><strong>Omnis</strong></span> <span class='ocrx_word' id='word_1_164' title='bbox 423 3410 457 3461; x_wconf 88' lang='lat' dir='ltr'><strong>ut</strong></span> <span class='ocrx_word' id='word_1_165' title='bbox 471 3399 595 3460; x_wconf 90' lang='lat' dir='ltr'><strong>admissi</strong></span> <span class='ocrx_word' id='word_1_166' title='bbox 610 3417 720 3461; x_wconf 89' lang='lat' dir='ltr'><strong>sensus</strong></span> <span class='ocrx_word' id='word_1_167' title='bbox 734 3401 843 3462; x_wconf 89' lang='lat' dir='ltr'><strong>abesse</strong></span> <span class='ocrx_word' id='word_1_168' title='bbox 857 3408 958 3476; x_wconf 89' lang='lat' dir='ltr'><strong>queat;</strong></span> 
     </span>
    </p>

    <p class='ocr_par' dir='ltr' id='par_1_18' title="bbox 259 3505 1034 3675">
     <span class='ocr_line' id='line_1_28' title="bbox 259 3505 928 3584; baseline -0.004 -17"><span class='ocrx_word' id='word_1_169' title='bbox 259 3505 297 3567; x_wconf 79' lang='lat' dir='ltr'><strong>At</strong></span> <span class='ocrx_word' id='word_1_170' title='bbox 312 3505 404 3566; x_wconf 91' lang='lat' dir='ltr'><strong>timor</strong></span> <span class='ocrx_word' id='word_1_171' title='bbox 419 3505 520 3567; x_wconf 86' lang='lat' dir='ltr'><strong>oilicio</strong></span> <span class='ocrx_word' id='word_1_172' title='bbox 536 3505 623 3583; x_wconf 84' lang='lat' dir='ltr'><strong>iungi</strong></span> <span class='ocrx_word' id='word_1_173' title='bbox 637 3515 719 3567; x_wconf 80' lang='lat' dir='ltr'><strong>uetat</strong></span> <span class='ocrx_word' id='word_1_174' title='bbox 733 3506 799 3584; x_wconf 91' lang='lat' dir='ltr'><strong>ipse</strong></span> <span class='ocrx_word' id='word_1_175' title='bbox 813 3505 928 3582; x_wconf 86' lang='lat' dir='ltr'><strong>quieto:</strong></span> 
     </span>
     <span class='ocr_line' id='line_1_29' title="bbox 298 3612 1034 3675; baseline 0.003 -3"><span class='ocrx_word' id='word_1_176' title='bbox 298 3612 420 3673; x_wconf 76' lang='lat' dir='ltr'><strong>(linctus</strong></span> <span class='ocrx_word' id='word_1_177' title='bbox 433 3615 472 3674; x_wconf 88' lang='lat' dir='ltr'><strong>ab</strong></span> <span class='ocrx_word' id='word_1_178' title='bbox 487 3612 650 3675; x_wconf 87' lang='lat' dir='ltr'><strong>innumero</strong></span> <span class='ocrx_word' id='word_1_179' title='bbox 666 3630 714 3674; x_wconf 89' lang='lat' dir='ltr'><strong>me</strong></span> <span class='ocrx_word' id='word_1_180' title='bbox 728 3623 812 3675; x_wconf 88' lang='lat' dir='ltr'><strong>tenet</strong></span> <span class='ocrx_word' id='word_1_181' title='bbox 828 3614 917 3673; x_wconf 85' lang='lat' dir='ltr'><strong>hoste</strong></span> <span class='ocrx_word' id='word_1_182' title='bbox 936 3613 1034 3674; x_wconf 86' lang='lat' dir='ltr'><strong>locus.</strong></span> 
     </span>
    </p>

    <p class='ocr_par' dir='ltr' id='par_1_19' title="bbox 257 3719 1021 3802">
     <span class='ocr_line' id='line_1_30' title="bbox 257 3719 1021 3802; baseline 0.004 -21"><span class='ocrx_word' id='word_1_183' title='bbox 257 3719 355 3794; x_wconf 75' lang='lat' dir='ltr'><strong>Adde,</strong></span> <span class='ocrx_word' id='word_1_184' title='bbox 381 3723 464 3798; x_wconf 90' lang='lat' dir='ltr'><strong>quod</strong></span> <span class='ocrx_word' id='word_1_185' title='bbox 479 3721 635 3801; x_wconf 82' lang='lat' dir='ltr'><strong>ingenium</strong></span> <span class='ocrx_word' id='word_1_186' title='bbox 652 3722 745 3802; x_wconf 82' lang='lat' dir='ltr'><strong>longa</strong></span> <span class='ocrx_word' id='word_1_187' title='bbox 759 3720 899 3801; x_wconf 79' lang='lat' dir='ltr'><strong>rubigine</strong></span> <span class='ocrx_word' id='word_1_188' title='bbox 912 3721 1021 3784; x_wconf 86' lang='lat' dir='ltr'><strong>laesunt</strong></span> 
     </span>
    </p>
   </div>
   <div class='ocr_carea' id='block_1_7' title="bbox 0 0 1470 5002">
    <p class='ocr_par' dir='ltr' id='par_1_20' title="bbox 0 0 1470 5002">
     <span class='ocr_line' id='line_1_31' title="bbox 0 0 1470 5002; baseline 0 0"><span class='ocrx_word' id='word_1_189' title='bbox 0 0 1470 5002; x_wconf 95' lang='lat' dir='ltr'><strong> </strong></span> 
     </span>
    </p>
   </div>
  </div>
 </body>
</html>
