2932 5002
523 401 644 460 „05-

58 536 178 596 Primus
198 535 229 597 id
244 535 349 614 aspexi
362 535 477 597 teneris
492 535 522 594 in
536 535 663 613 uirginis
674 536 776 595 anais:

99 646 198 722 thue
214 654 300 722 patet
313 661 400 705 venae
414 645 537 720 duxque
552 661 718 722 comesque
731 644 785 704 sui.

56 754 137 830 llrgo
153 753 178 812 si
193 762 352 813 remanent
370 751 456 829 ignes
472 751 526 813 tibi
545 750 681 829 pectoris
691 751 784 824 idem,

100 865 170 925 Sola
179 875 266 925 tuum
282 875 366 925 ratos
380 863 486 925 Lesbia
500 863 603 925 vincet
614 882 703 942 opus.
785 872 787 875 ’

60 973 121 1032 Sed
134 989 244 1033 vereor
258 989 297 1032 ne
312 983 343 1032 te
361 989 427 1032 mea
443 989 525 1032 nuno
542 972 667 1032 fortuna
681 973 828 1044 retardet,

101 1081 233 1157 Postque
251 1097 337 1142 meos
350 1097 440 1142 casus
456 1081 494 1141 sit
507 1079 561 1142 tibi
575 1091 684 1159 peetus
699 1081 793 1141 iners.

59 1189 136 1248 Dum
147 1187 241 1261 licuit,
257 1199 308 1249 tua
323 1205 406 1266 saepe
419 1187 504 1261 mibi,
524 1186 579 1249 tibi
592 1198 698 1248 nostra
709 1188 863 1265 legebam:

101 1297 189 1374 Saepe
199 1295 242 1358 tui
255 1297 366 1373 judex,
378 1313 462 1374 saepe
473 1295 618 1374 magister
640 1313 734 1357 eram.

58 1404 118 1464 Aut
132 1421 191 1482 ego
205 1405 384 1482 praebebam
397 1403 485 1465 saetis
499 1405 592 1464 modo
602 1403 742 1465 versibus
760 1421 863 1476 aures,

102 1511 160 1571 dut
174 1510 226 1570 ubi
237 1526 385 1584 eessaras,
403 1526 513 1572 caussa
524 1494 647 1570 ruboris
658 1526 751 1571 eram.

59 1615 197 1679 Forsitan
220 1617 374 1694 exemplo,
387 1616 458 1694 quia
472 1633 522 1676 me
535 1617 643 1676 laesere
657 1615 765 1687 libelli,
868 1645 870 1648 ·

105 1726 150 1785 To
165 1742 289 1803 quoque
307 1725 349 1786 sis
363 1742 467 1803 poenae
480 1725 541 1787 sata
551 1735 657 1787 secuta
667 1741 756 1786 meae.

61 1834 155 1906 Pone,
173 1830 293 1906 Perilla,
307 1842 433 1893 metum:
449 1833 663 1893 tantummodo
677 1831 788 1892 femina
803 1848 866 1892 non
884 1832 923 1891 sit

101 1940 201 2014 Devia,
214 1958 271 2000 aec
281 1939 404 2017 scriptis
413 1940 511 2001 diseat
524 1955 627 1999 amare
641 1939 712 2000 tuis.

62 2051 144 2127 Ergo
160 2048 285 2109 desidiae
299 2064 424 2108 remove
436 2046 612 2108 doctissima
619 2063 739 2108 causas:

106 2157 201 2233 lnque
215 2157 312 2217 bonas
326 2165 419 2229 artes,
439 2165 470 2216 et
482 2165 534 2217 tua
550 2171 637 2217 saera
650 2155 727 2217 redi.

62 2266 124 2325 lsta
139 2265 253 2326 decens
268 2264 361 2326 iacies
379 2265 480 2345 longis
491 2264 646 2327 vitiabitur
654 2265 753 2338 annis,

24 2390 27 2397 ’
102 2372 248 2449 Rugaque
260 2370 292 2430 in
302 2370 428 2448 antiqua
440 2373 543 2433 lronte
559 2371 665 2432 senilis
677 2371 747 2431 erit:

63 2477 244 2557 lnjioietque
258 2479 501 2540 manumlormae
515 2479 662 2539 damnosa
676 2489 831 2551 senectus,

105 2585 179 2656 Quae
193 2584 357 2662 strepitum
371 2601 465 2662 passu
480 2601 544 2644 non
553 2583 683 2645 iaciente
693 2584 786 2646 venit.

61 2694 199 2770 Cumque
213 2691 322 2770 aliquis
333 2691 425 2765 dicet,
440 2691 507 2753 Fuit
523 2693 590 2752 haee
601 2692 748 2766 formosa,
766 2692 897 2754 dolebis:

104 2800 141 2860 Et
157 2799 317 2878 speculum
332 2801 464 2860 mendax
478 2816 547 2860 esse
558 2816 689 2876 querere
700 2811 797 2861 tuum.

62 2908 140 2967 Sunt
150 2903 204 2966 tibi
218 2921 294 2982 opes
309 2904 450 2979 modicae,
467 2921 538 2966 eum
553 2904 595 2966 sis
610 2905 787 2984 dignissima
802 2905 930 2983 magnis.

104 3012 197 3091 Finge
208 3015 263 3075 sed
281 3013 428 3076 inmensis
443 3013 588 3075 censibus
598 3030 666 3075 esse
684 3030 791 3092 pares:

63 3123 178 3200 Nempe
192 3123 244 3183 dat
257 3120 288 3183 id
302 3122 485 3200 cuicumque
498 3122 574 3184 libet
587 3122 719 3197 fortuna,
736 3120 888 3200 rapitque:

105 3228 171 3288 lrus
185 3237 216 3289 et
230 3237 278 3290 est
292 3227 406 3302 subito,
420 3227 472 3305 qui
484 3229 577 3289 modo
592 3229 716 3290 Croesus
731 3237 806 3287 erat.

62 3333 187 3411 Singula
201 3334 274 3410 quid
286 3333 432 3394 referam?
447 3333 489 3392 nil
504 3351 567 3394 non
583 3334 712 3394 mortale
723 3344 874 3404 tenemus,

104 3438 240 3501 Pectoris
255 3438 392 3515 exeeptis
406 3437 582 3515 ingeniique
595 3438 697 3499 bonis.

63 3548 107 3605 En
123 3562 181 3622 ego
197 3560 268 3604 eum
282 3543 380 3621 patria
395 3559 527 3616 caream,
544 3543 693 3620 vobisque
707 3546 872 3621 domoque,

107 3656 264 3732 Raptaque
279 3651 351 3724 sint,
368 3651 459 3712 adimi
474 3668 544 3729 quae
558 3663 700 3730 potuere,
717 3653 801 3726 mibi;

65 3758 192 3839 lngenio
206 3768 309 3820 tamen
318 3757 385 3836 ipse
400 3773 469 3820 meo
488 3757 679 3836 comitorque
695 3759 852 3838 fruorque:
