2932 5002
706 347 826 406 ,58-

246 476 316 537 Vim
331 477 395 536 sine
410 476 532 550 invidia,
548 479 718 556 mollesque
732 479 883 557 inglorius
898 497 997 542 aranos

294 586 400 664 Exige,
417 587 565 649 amicitias
580 600 611 650 et
626 587 680 649 tibi
692 589 790 667 junge
804 606 906 668 pares:

245 693 433 770 Nasonisque
447 694 501 768 tui,
520 696 603 771 qnod
618 696 719 756 adbuc
734 713 796 756 non
811 697 931 757 exsulat
946 715 1054 770 uuum,

288 801 404 860 Nomen
424 817 503 861 ama.
520 802 683 879 Scythicus
698 815 811 863 caetera
826 804 942 864 Pontus
957 805 1060 865 babet.

253 907 397 968 Proxima
412 907 567 970 sideribus
582 910 673 970 tellus
690 909 926 986 Erymanthidos
940 911 1026 972 Ursae

294 1017 340 1077 lle
354 1027 450 1089 tenet;
465 1017 615 1081 adstricto
630 1029 713 1080 terra
727 1030 854 1096 perusta
869 1021 952 1097 gelu.

248 1127 403 1203 Bosporos
421 1136 452 1187 et
469 1127 578 1188 Tanais
595 1139 754 1206 superant,
771 1128 982 1206 Scythicaeque
996 1130 1136 1207 paludes,

290 1236 407 1314 Vixque
423 1237 497 1298 satis
512 1237 578 1299 noti
592 1238 716 1298 nomina
731 1253 828 1315 pauca
845 1238 916 1299 loci.

251 1345 383 1407 Ulterius
399 1345 473 1404 nihil
488 1357 546 1418 est,
561 1346 620 1407 nisi
638 1364 701 1406 non
714 1346 879 1408 habitabile
894 1346 1002 1424 frigus.

292 1451 368 1512 Heri!
392 1467 482 1528 quam
498 1451 596 1511 vicina
612 1462 659 1512 est
674 1450 782 1512 ultima
800 1461 883 1512 terra
898 1451 983 1511 mibi!

249 1560 287 1620 m
302 1561 395 1637 longe
414 1559 512 1637 patria
527 1570 585 1620 est:
602 1561 694 1638 longe
713 1559 870 1620 carissima
885 1560 1012 1637 eorrjux,

297 1666 448 1743 eridquid
461 1677 492 1729 et
506 1667 573 1728 baec
588 1667 677 1728 nobis
691 1679 763 1745 post
778 1669 839 1729 duo
855 1668 945 1728 dulce
960 1667 1026 1728 luit.

249 1773 299 1835 Sic
316 1786 418 1835 tamen
434 1776 501 1836 hacc
516 1776 639 1847 absunt,
656 1785 688 1834 ut
702 1791 772 1851 quae
787 1773 968 1853 contingere
983 1792 1046 1835 non
1061 1785 1108 1834 est

296 1881 444 1959 Corpore,
464 1881 525 1943 sint
544 1881 646 1942 animo
669 1892 781 1943 cuncta
795 1880 924 1942 videnda
941 1897 1021 1941 meo.

254 1990 332 2051 Ante
348 1992 457 2051 oculos
474 2003 580 2053 errant
594 1993 717 2063 domus,
732 1991 819 2062 urbs,
836 2001 868 2050 et
882 1989 980 2051 forma
996 1990 1149 2060 locorum,

302 2100 538 2176 succeduntque
556 2101 619 2159 suis
634 2099 754 2176 singula
767 2099 846 2159 lacta
860 2097 947 2159 loeis.

256 2205 405 2284 Coniugis
425 2217 496 2266 ante
511 2207 631 2278 oeulos,
647 2205 727 2266 sicut
740 2205 914 2282 praesentis,
931 2205 1031 2284 imago
1052 2217 1111 2267 est:

296 2316 348 2374 llla
367 2333 454 2375 meos
470 2331 560 2375 casus
576 2314 725 2392 ingravat,
742 2313 792 2374 illa
811 2313 902 2374 levat:

255 2426 396 2502 lngrarat
408 2425 479 2496 hoc,
501 2423 584 2501 quod
599 2421 697 2483 abest:
714 2423 793 2483 levat
806 2423 877 2496 boc,
893 2423 977 2499 quod
991 2432 1118 2501 praestat
1131 2439 1286 2499 aurorem,

301 2532 545 2611 Impositumque
560 2531 617 2593 sibi
632 2532 718 2592 firma
732 2541 835 2593 tuetur
850 2548 941 2591 onus.

256 2642 317 2702 Vos
335 2658 460 2718 quoque
471 2640 651 2718 pectoribus
665 2639 780 2700 nostris
793 2639 928 2712 haeretis,
945 2638 1045 2713 amici,

301 2750 409 2810 Dicere
432 2766 511 2826 quos
526 2749 619 2826 cupio
638 2748 762 2808 nomine
777 2765 930 2825 quemque
947 2766 1016 2809 suo:

253 2858 312 2918 Sed
334 2855 428 2916 timor
443 2855 578 2916 officinm
599 2865 709 2915 cantus
726 2855 905 2932 compescit;
922 2866 954 2917 et
967 2855 1054 2935 ipsos

298 2963 331 3021 ln
347 2971 457 3022 nostro
471 2960 546 3039 poni
561 2960 697 3022 carmine
711 2962 794 3022 nolle
817 2972 905 3039 puto.

259 3069 337 3130 Ante
350 3069 512 3142 volebatis,
530 3068 671 3146 gratique
681 3081 748 3130 erat
761 3069 857 3130 instar
868 3070 996 3132 honoris

301 3175 448 3237 Versibus
460 3175 491 3234 in
507 3175 622 3237 nostris
634 3175 758 3236 uomina
771 3187 874 3238 restra
889 3177 959 3256 legi.

261 3284 347 3356 Quod
359 3283 504 3361 quoniam
520 3295 567 3344 est
581 3300 709 3360 anceps,
725 3282 805 3344 intra
821 3300 889 3344 mea
901 3293 1028 3362 pectora
1043 3302 1197 3362 quemque

297 3393 464 3467 Adloquar,
481 3401 513 3451 et
528 3389 603 3452 uulli
619 3407 711 3450 causa
731 3390 850 3451 timoris
864 3407 930 3450 cro.
978 3464 981 3469 Ι

260 3502 321 3562 Nec
336 3518 422 3561 meus
437 3500 551 3562 indicio
566 3500 721 3562 latitantes
736 3517 844 3562 versus
858 3501 973 3562 amicos

302 3608 476 3668 protrahet.
493 3607 619 3669 Occulte
634 3606 659 3668 si
674 3606 743 3685 quis
761 3606 882 3679 amavit,
900 3619 993 3669 amet.

258 3713 339 3775 Scite
354 3724 467 3787 tamen,
486 3714 624 3790 quamvis
638 3715 731 3793 longa
742 3713 869 3794 regione
883 3723 1020 3776 remotus
