2932 5002
717 408 858 469 ...120-

324 548 472 624 Quodque
486 545 536 605 hic
551 542 582 604 in
599 540 749 620 Scythicis
762 540 874 602 linibus
889 553 958 599 esse
973 552 1098 615 queror,

284 652 416 729 Utraque
432 666 526 730 poena
541 648 653 728 gravis:
671 646 768 707 merui
784 657 884 706 tumen
899 643 977 704 urbe
994 658 1113 715 careres

325 761 391 820 Non
411 757 508 820 merui
523 757 573 819 tali
588 756 715 818 forsitan
734 771 802 817 esse
816 755 898 815 loco.

285 865 360 935 Quid
375 866 497 942 loquor,
513 862 563 924 ah!
580 861 718 923 demens!
734 859 832 938 ipsam
850 875 976 936 quoque
994 858 1125 935 perdere
1140 856 1235 923 vitam

327 969 456 1029 Caesnris,
469 968 585 1030 offenso
600 967 725 1029 numine
741 965 853 1044 dignus
866 980 960 1027 eram.

619 1188 803 1245 nuncu
819 1188 892 1241 xl.

290 1404 373 1473 Quod
388 1413 420 1463 te
433 1402 537 1462 nescio
553 1401 621 1478 quis
636 1418 692 1480 per
702 1401 804 1478 Jurgia
821 1399 932 1461 dixerit
949 1415 1019 1460 esse

328 1509 448 1570 Exsulis
462 1526 601 1582 uxorem,
618 1508 717 1569 littera
733 1519 840 1584 questa
854 1517 907 1568 tua
922 1517 981 1568 est.

288 1616 418 1689 lndolui,
441 1634 502 1677 non
518 1628 579 1678 tarn
600 1632 667 1676 mea
681 1617 765 1694 quod
779 1616 903 1676 fortuna
921 1614 1000 1675 male
1014 1613 1112 1686 audit,

333 1721 387 1794 Qui
400 1723 464 1797 jam
479 1722 624 1782 consuevi
638 1721 757 1783 fortiter
771 1738 840 1782 esse
854 1720 957 1793 miser;

293 1832 387 1900 Quam
403 1830 484 1908 quia,
503 1830 553 1891 cui
570 1830 692 1892 minime
706 1831 826 1902 vellem,
847 1828 903 1890 sim
918 1844 1011 1890 eausa
1024 1827 1166 1906 pudoris,

342 1942 444 2016 Teque
458 1956 526 2000 rear
541 1940 655 2001 nostris
672 1939 832 2001 erubuisse
849 1938 945 2000 mulis.

299 2045 412 2118 Perfer,
429 2056 459 2106 et
476 2046 605 2106 obduro:
624 2047 721 2106 multo
745 2044 883 2123 graviora
901 2043 1008 2116 tulisti,

335 2150 432 2221 Quum
446 2166 495 2210 me
510 2151 662 2230 subripuit
674 2149 822 2229 principis
837 2151 881 2211 ira
899 2149 964 2212 tibi.

290 2254 414 2315 Fallitur
428 2253 485 2314 iste
502 2263 616 2327 tamen,
636 2273 698 2332 quo
712 2255 818 2331 judice
832 2255 974 2315 nominor
991 2256 1088 2316 exsul:
1172 2271 1174 2275 ’

335 2357 454 2423 Mollior
466 2372 513 2422 est
529 2362 650 2439 culpam
666 2378 757 2440 poena
773 2371 877 2422 secuta
890 2377 1000 2422 meam.

291 2469 418 2529 Maximo
434 2485 528 2547 poena
545 2469 619 2529 mihi
639 2480 696 2543 est,
716 2470 816 2548 ipsum
837 2469 1011 2540 offendisse
1029 2467 1175 2548 priusque

335 2579 474 2640 Venisset
490 2580 611 2640 mallem
634 2580 748 2641 luneris
763 2581 839 2640 hora
855 2579 939 2641 mihi.

293 2686 408 2754 Quussa
428 2696 530 2746 tamen
552 2696 657 2746 nostra
672 2697 730 2758 est,
747 2703 809 2746 non
832 2686 1007 2759 fructu,uec
1027 2686 1136 2746 obruto
1151 2685 1275 2764 puppim

337 2791 436 2866 thue
451 2802 535 2852 caret
548 2802 654 2868 portu,
671 2791 715 2852 sic
731 2801 832 2851 tamen
847 2801 946 2852 exstat
960 2790 1057 2868 aquis.

295 2897 355 2956 Noc
369 2897 472 2970 ritum,
489 2915 547 2958 nec
563 2916 650 2976 opes,
667 2915 724 2959 nec
736 2898 787 2974 jus
803 2898 876 2960 mihi
891 2899 964 2959 ciris
978 2898 1100 2972 ademit3

334 3005 407 3076 Quae
423 3005 520 3066 merui
536 3006 608 3067 vitio
623 3008 755 3085 perdere
770 3017 879 3067 cuncta
890 3024 969 3068 meo.

297 3115 356 3175 Sed
372 3114 441 3191 quia
452 3125 580 3192 peccato
596 3114 718 3175 lucinus
730 3132 791 3175 non
806 3115 901 3177 adluit
913 3115 966 3188 illi,

335 3220 381 3280 Nil
396 3220 453 3280 uisi
477 3237 526 3281 me
541 3219 647 3298 patriis
658 3220 752 3296 jussit
766 3222 873 3283 abesse
887 3221 973 3282 locis

295 3330 393 3407 thue
409 3330 487 3402 aliis,
518 3349 680 3392 numerum
697 3350 829 3410 quorum
842 3335 1065 3410 comprendere
1080 3351 1142 3394 non
1157 3344 1216 3407 est,

338 3415 510 3473 Caesareum
526 3430 652 3488 numen,
671 3414 715 3475 sic
731 3415 815 3487 milti,
832 3415 905 3477 mite
920 3415 985 3477 luit.
1013 3415 1015 3418 ⁴

296 3519 364 3594 lpse
375 3517 512 3596 relegati,
530 3536 591 3579 non
607 3520 733 3593 exsulis,
750 3520 846 3581 utitur
861 3521 951 3581 inme

335 3623 478 3683 Nomine:
495 3635 560 3685 tuta
576 3625 846 3703 suojudicecausa
858 3643 924 3686 mea
939 3637 995 3687 est.

291 3729 362 3788 lure
374 3728 467 3805 igitur
490 3731 609 3803 laudes,
625 3733 739 3805 Caesar,
756 3751 814 3812 pro
834 3743 921 3811 parte
935 3732 1012 3795 virili
