2932 5002
691 358 811 419 *24-

280 492 316 554 Et
330 493 480 568 lacrymas
494 491 586 551 animi
598 490 685 569 signa
699 492 812 552 dedere
827 491 884 552 sui.

239 598 326 670 Quid,
345 597 404 658 nisi
418 598 560 659 convictu
576 597 738 674 causisque
752 597 922 659 valentibus
942 614 1053 671 essem,

279 703 439 780 Temporis
451 714 483 764 et
499 703 584 780 longi
600 702 720 764 vinctus
738 719 842 763 amore
857 702 926 764 tibi?

241 807 329 880 Quid,
346 807 404 868 nisi
419 818 465 869 tot
479 810 565 869 lusus
581 818 611 869 et
626 818 673 868 tut
684 825 752 868 mea
766 808 845 870 seria
859 826 979 882 nusseS,

281 917 338 974 Tot
353 932 477 976 nossem
494 917 580 976 lusus
595 915 735 993 seriaque
748 915 815 994 ipse
830 917 897 977 tua?

241 1022 329 1096 Quid,
352 1023 378 1084 si
392 1024 540 1083 duntaxat
554 1024 658 1085 Romae
672 1022 744 1083 mihi
758 1023 900 1101 cognitus
918 1041 1015 1098 esses,

283 1131 423 1193 Adscitus
437 1129 528 1190 toties
543 1127 573 1187 in
588 1146 686 1217 genus
701 1147 793 1203 omne
805 1129 879 1190 luci?

242 1238 396 1297 Curnctane
411 1234 442 1293 in
458 1249 620 1310 aequoreos
637 1233 779 1295 abierunt
792 1234 879 1295 irrita
892 1237 1015 1297 ventos‘?

282 1344 436 1403 cunctane
450 1340 580 1401 Lethaeis
597 1356 697 1400 mersa
714 1341 856 1402 feruntur
869 1342 970 1418 aquis?

240 1449 305 1507 Nun
322 1465 380 1525 ege
396 1457 427 1507 te
445 1445 581 1523 genitum
595 1446 715 1523 placida
732 1463 803 1507 reor
817 1447 895 1507 urhe
909 1447 1036 1521 Quirini,

283 1557 373 1627 Urbe,
395 1571 464 1614 mee
481 1554 629 1630 quaejam
649 1570 712 1614 uun
728 1554 867 1615 adeunda
886 1556 965 1632 pede
981 1566 1039 1616 est:

241 1663 299 1722 Sed
319 1660 453 1739 scopulis
467 1659 564 1732 Ponti,
583 1676 661 1735 quos
676 1661 742 1720 haec
758 1660 850 1721 habet
864 1678 929 1734 ora,
946 1661 1071 1734 sinistri,

284 1770 378 1845 Inque
391 1765 464 1827 seris
479 1766 609 1843 Scythiae
626 1765 861 1843 Sarmaticisque
872 1767 968 1845 jugis3

246 1875 282 1933 Et
298 1885 349 1933 tua
367 1883 439 1933 sunt
456 1871 548 1932 silicis
563 1870 680 1931 circum
696 1872 867 1949 praecordia
881 1888 978 1945 venae,

288 1984 324 2042 Et
339 1983 470 2061 rigidum
488 1982 560 2042 ferri
575 1982 692 2042 semina
706 1993 816 2060 pectus
830 1984 955 2054 habent;

247 2091 380 2164 Quaeque
398 2087 452 2148 tibi
469 2088 625 2164 quendam
646 2098 752 2149 tenero
772 2088 911 2148 ducenda
925 2087 1027 2164 palato

288 2199 379 2257 Plena
396 2197 479 2259 dedit
497 2196 602 2258 nutrix
624 2195 730 2266 ubera,
747 2193 832 2270 tigris
848 2205 923 2253 erat.

246 2304 282 2362 At
297 2305 376 2364 mala
394 2315 500 2365 nestra
515 2303 615 2364 minus
630 2317 721 2378 quam
734 2318 816 2360 nunc
830 2299 926 2360 aliena
941 2312 1091 2378 putasscS,

288 2412 476 2489 duritiaeque
492 2410 565 2472 mihi
579 2427 642 2470 nen
655 2425 781 2487 agerere
795 2425 876 2469 reus.

249 2520 307 2581 Sed
324 2520 469 2596 quoniam
486 2519 603 2581 aceedit
617 2518 757 2578 fatalibus
771 2519 831 2577 huc
845 2535 968 2596 qunque
982 2521 1112 2592 damnis,

289 2629 328 2687 Ut
342 2640 466 2689 careant
481 2630 616 2688 numeris
630 2641 768 2704 tempora
782 2628 880 2704 primu
893 2629 967 2699 suis;

248 2732 340 2791 Effice
355 2734 472 2808 peceati
488 2751 526 2792 ne
541 2734 596 2792 sim
612 2749 729 2791 memor
742 2734 844 2808 hujus3
861 2743 891 2794 et
905 2732 956 2792 iile

290 2837 427 2897 Officium
443 2839 577 2910 laudem,
594 2855 655 2914 que
669 2854 793 2914 queror,
810 2855 863 2898 ure
877 2850 981 2900 tuum>

591 3055 776 3110 nmmum
787 3056 859 3111 lx.

252 3266 346 3324 ltetur
361 3264 519 3326 inoffensae
535 3274 646 3323 metam
660 3263 713 3324 tihi
728 3274 853 3342 tangere
867 3263 947 3336 vitae,

292 3373 351 3442 Qui
367 3373 443 3450 legis
459 3374 518 3431 hoc
531 3372 619 3432 nubis
633 3390 695 3432 non
712 3370 851 3432 inimicus
872 3385 960 3449 opus

249 3481 352 3555 dtque
372 3481 487 3540 utinam
505 3499 562 3557 pre
581 3492 611 3540 te
629 3480 748 3557 possint
764 3497 830 3539 mea
848 3490 917 3539 veta
931 3481 1042 3553 valere,

289 3585 361 3652 Quae
376 3603 435 3659 pru
453 3603 501 3645 me
517 3587 612 3646 durus
626 3603 688 3645 nun
703 3586 830 3664 tetigere
845 3587 931 3646 dees!

249 3691 351 3751 derret
367 3693 427 3750 eris
443 3693 524 3764 felin,
544 3695 657 3753 multus
672 3694 846 3754 nunterubis
861 3694 986 3753 amicus:
