2932 5002
899 258 922 299 (β

702 393 841 472 ηομ

290 545 417 618 Nostra,
434 540 491 605 uisi
508 540 627 605 auctari
641 538 815 621 perniciosa
836 557 904 604 suo.
956 521 958 525 ¹

255 650 295 710 bt
307 649 386 710 mala
401 659 484 710 sunt:
501 648 611 709 fateor:
624 648 693 726 quis
708 659 738 710 te
753 646 833 709 mala
848 664 971 710 sumere
987 647 1085 728 cogit?

297 757 358 817 Aut
374 755 443 834 quis
458 758 622 833 deceptum
637 762 754 834 ponere
765 768 888 836 sumpta
903 756 1000 818 vetat?

258 863 327 939 lpse
342 862 557 923 recurrendo:
574 862 629 922 sed
639 872 674 923 ut
683 861 733 922 hic
744 863 877 924 deducta
891 861 1046 940 legantur:

299 972 365 1032 Non
382 980 455 1032 sunt
470 969 520 1030 illa
533 987 589 1030 suu
604 970 784 1032 barbariora
794 971 876 1031 loeo.

258 1078 319 1138 Nec
333 1094 382 1138 me
395 1078 490 1137 Roma
506 1076 569 1138 suis
584 1077 675 1139 debet
691 1077 834 1137 conterre
848 1077 959 1154 poetis;

304 1186 387 1245 luter
401 1186 597 1246 Sauromatas
612 1183 792 1262 ingeniosus
803 1200 868 1244 eru.

256 1287 397 1366 benique
414 1291 498 1351 nulla
512 1288 586 1349 mihi
601 1298 744 1367 captatur
753 1288 864 1367 gloria,
874 1303 1004 1366 quaeque

303 1395 430 1473 ingenio
445 1395 586 1458 stimulos
601 1395 736 1456 subdere
746 1395 826 1455 sama
842 1395 931 1455 solet.

261 1501 411 1561 Nolumus
425 1500 562 1562 adsiduis
577 1499 712 1562 animum
728 1501 889 1562 tabescere
900 1499 995 1562 c'u'ris:

302 1607 375 1679 Quae
390 1618 489 1669 tamen
503 1609 691 1686 irrumpunt,
708 1622 834 1687 quoque
852 1619 1009 1684 vetantur,
1029 1621 1114 1671 eunt.

261 1717 323 1777 Cur
337 1716 470 1778 scribam
484 1717 588 1780 docui:
603 1734 660 1778 cur
675 1716 807 1791 mittam,
825 1717 973 1796 quaeritis,
990 1718 1079 1780 istos?

306 1821 472 1884 Vobiscum
488 1823 610 1902 cupiam
626 1821 768 1901 quolibet
782 1840 851 1884 esse
866 1820 970 1885 modu.
1071 1828 1075 1834 '

607 2030 784 2096 ΕΙιΕΕΙᾸ
805 2041 863 2096 11.

265 2252 384 2330 Ecquid
401 2263 434 2314 ut
448 2269 465 2314 e
480 2254 577 2316 Ponto
591 2269 672 2314 nova
686 2252 768 2315 venit
782 2253 924 2333 epistota,
940 2253 1048 2332 palles,

305 2359 410 2421 Ettibi
425 2355 555 2421 scilicita
570 2361 700 2422 solvitur
714 2360 767 2419 illa
783 2356 893 2420 manui

263 2464 346 2526 Pone
361 2475 487 2535 metum;
510 2465 606 2534 valeo,
624 2479 814 2538 corpusque,
837 2460 922 2538 quud
936 2467 1008 2524 ante
1023 2463 1163 2524 laborum

307 2571 475 2648 Impatiens
491 2569 580 2629 nobis
594 2567 825 2645 invalidumque
839 2567 907 2640 fuit,

258 2676 391 2749 Sufficit,
408 2685 501 2753 atque
515 2676 583 2753 ipsu
597 2685 743 2737 vexatum
757 2674 914 2737 indurruit
929 2691 999 2738 usu.

306 2783 353 2842 An
368 2781 464 2860 magis
477 2781 602 2843 infirmo
621 2783 687 2844 utun
702 2792 790 2844 uacat
811 2798 881 2844 esse
900 2778 988 2843 mihi?

265 2890 466 2951 Mens'tamen
482 2904 565 2967 aegra
574 2890 670 2967 jacet,
689 2904 748 2949 aec
766 2899 905 2967 tempore
919 2889 1032 2951 robora
1047 2889 1168 2963 sumsit,

305 2995 512 3072 Adrestusque
525 2994 629 3068 anistri
645 2993 698 3072 qui
713 2978 869 3068 iuuante,
886 3006 1005 3056 maaet.

265 3101 399 3177 Quaeque
416 3116 504 3160 mora
518 3100 683 3179 spatioque
698 3105 755 3162 su'o
771 3100 891 3162 coitura
906 3101 1011 3179 putari

306 3206 450 3280 Vulnera,
469 3223 533 3267 non
548 3206 648 3280 aliter,
666 3222 760 3283 quam
776 3207 867 3267 modo
883 3206 975 3280 tacta,
992 3206 1109 3269 delent.

266 3308 390 3373 Scilicet
405 3310 524 3390 exiguis
539 3313 668 3390 prodest
682 3315 799 3371 aurosa
816 3310 964 3371 vetustas:

305 3414 478 3478 Grandibus
495 3416 658 3476 accedunt
672 3422 814 3493 tempore
832 3415 1052 3476 damnaticiis.

265 3524 357 3584 Paeue
372 3525 483 3585 decem
497 3522 570 3584 totis
586 3522 665 3584 aluit
679 3522 835 3584 Pueautius
851 3522 939 3583 aunis

310 3630 492 3693 Pestiferam
508 3630 627 3693 tumido
643 3631 755 3692 virinus
768 3632 806 3691 ab
824 3646 924 3708 angue
938 3631 1053 3691 datum.

268 3740 292 3800 Τ
306 3738 433 3816 elephas
448 3749 565 3801 aeterua
579 3742 781 3816 consumptus
796 3737 866 3798 tabe
880 3734 1021 3814 perisset,
