<?xml version="1.0" encoding="UTF-8"?>
<!DOCTYPE html PUBLIC "-//W3C//DTD XHTML 1.0 Transitional//EN"
    "http://www.w3.org/TR/xhtml1/DTD/xhtml1-transitional.dtd">
<html xmlns="http://www.w3.org/1999/xhtml" xml:lang="en" lang="en">
 <head>
  <title>
</title>
<meta http-equiv="Content-Type" content="text/html;charset=utf-8" />
  <meta name='ocr-system' content='tesseract 3.04.00' />
  <meta name='ocr-capabilities' content='ocr_page ocr_carea ocr_par ocr_line ocrx_word'/>
</head>
<body>
  <div class='ocr_page' id='page_1' title='image "./povidiinasonist01ovidgoog_0133.png"; bbox 0 0 2932 5002; ppageno 0'>
   <div class='ocr_carea' id='block_1_1' title="bbox 693 385 834 444">
    <p class='ocr_par' dir='ltr' id='par_1_1' title="bbox 693 385 834 444">
     <span class='ocr_line' id='line_1_1' title="bbox 693 385 834 444; baseline 0 -18"><span class='ocrx_word' id='word_1_1' title='bbox 693 385 834 444; x_wconf 57' lang='lat'><strong>„¹2⁴-</strong></span> 
     </span>
    </p>
   </div>
   <div class='ocr_carea' id='block_1_2' title="bbox 252 510 1183 2820">
    <p class='ocr_par' dir='ltr' id='par_1_2' title="bbox 252 510 1183 2820">
     <span class='ocr_line' id='line_1_2' title="bbox 252 510 1066 591; baseline 0 -17"><span class='ocrx_word' id='word_1_2' title='bbox 252 516 327 586; x_wconf 86' lang='lat' dir='ltr'><strong>Hoc,</strong></span> <span class='ocrx_word' id='word_1_3' title='bbox 342 529 464 591; x_wconf 87' lang='lat' dir='ltr'><strong>precor,</strong></span> <span class='ocrx_word' id='word_1_4' title='bbox 481 510 620 583; x_wconf 88' lang='lat' dir='ltr'><strong>emenda,</strong></span> <span class='ocrx_word' id='word_1_5' title='bbox 633 511 716 587; x_wconf 84' lang='lat' dir='ltr'><strong>qnod</strong></span> <span class='ocrx_word' id='word_1_6' title='bbox 729 511 755 570; x_wconf 88' lang='lat' dir='ltr'><strong>si</strong></span> <span class='ocrx_word' id='word_1_7' title='bbox 766 511 941 572; x_wconf 78' lang='lat' dir='ltr'><strong>correxeris</strong></span> <span class='ocrx_word' id='word_1_8' title='bbox 959 528 1066 584; x_wconf 87' lang='lat' dir='ltr'><strong>unum,</strong></span> 
     </span>
     <span class='ocr_line' id='line_1_3' title="bbox 293 617 924 698; baseline -0.005 -17"><span class='ocrx_word' id='word_1_9' title='bbox 293 620 437 683; x_wconf 88' lang='lat' dir='ltr'><strong>Nullusin</strong></span> <span class='ocrx_word' id='word_1_10' title='bbox 448 618 572 698; x_wconf 81' lang='lat' dir='ltr'><strong>egregio</strong></span> <span class='ocrx_word' id='word_1_11' title='bbox 587 635 719 695; x_wconf 88' lang='lat' dir='ltr'><strong>corpore</strong></span> <span class='ocrx_word' id='word_1_12' title='bbox 734 634 840 679; x_wconf 86' lang='lat' dir='ltr'><strong>naevus</strong></span> <span class='ocrx_word' id='word_1_13' title='bbox 855 617 924 679; x_wconf 86' lang='lat' dir='ltr'><strong>erit.</strong></span> 
     </span>
     <span class='ocr_line' id='line_1_4' title="bbox 253 723 1009 801; baseline -0.003 -15"><span class='ocrx_word' id='word_1_14' title='bbox 253 725 392 787; x_wconf 85' lang='lat' dir='ltr'><strong>Pluribus</strong></span> <span class='ocrx_word' id='word_1_15' title='bbox 405 741 558 798; x_wconf 83' lang='lat' dir='ltr'><strong>accusem,</strong></span> <span class='ocrx_word' id='word_1_16' title='bbox 583 723 649 785; x_wconf 88' lang='lat' dir='ltr'><strong>fieri</strong></span> <span class='ocrx_word' id='word_1_17' title='bbox 661 723 718 785; x_wconf 91' lang='lat' dir='ltr'><strong>uisi</strong></span> <span class='ocrx_word' id='word_1_18' title='bbox 733 723 841 801; x_wconf 80' lang='lat' dir='ltr'><strong>possit,</strong></span> <span class='ocrx_word' id='word_1_19' title='bbox 858 735 892 786; x_wconf 90' lang='lat' dir='ltr'><strong>ut</strong></span> <span class='ocrx_word' id='word_1_20' title='bbox 903 725 942 785; x_wconf 92' lang='lat' dir='ltr'><strong>ad</strong></span> <span class='ocrx_word' id='word_1_21' title='bbox 960 741 1009 786; x_wconf 91' lang='lat' dir='ltr'><strong>me</strong></span> 
     </span>
     <span class='ocr_line' id='line_1_5' title="bbox 295 831 965 905; baseline -0.001 -12"><span class='ocrx_word' id='word_1_22' title='bbox 295 833 406 894; x_wconf 76' lang='lat' dir='ltr'><strong>Littera</strong></span> <span class='ocrx_word' id='word_1_23' title='bbox 418 850 481 894; x_wconf 91' lang='lat' dir='ltr'><strong>uon</strong></span> <span class='ocrx_word' id='word_1_24' title='bbox 495 831 605 905; x_wconf 88' lang='lat' dir='ltr'><strong>veniat,</strong></span> <span class='ocrx_word' id='word_1_25' title='bbox 626 832 716 895; x_wconf 87' lang='lat' dir='ltr'><strong>missa</strong></span> <span class='ocrx_word' id='word_1_26' title='bbox 736 831 775 894; x_wconf 87' lang='lat' dir='ltr'><strong>sit</strong></span> <span class='ocrx_word' id='word_1_27' title='bbox 785 832 835 893; x_wconf 89' lang='lat' dir='ltr'><strong>illa</strong></span> <span class='ocrx_word' id='word_1_28' title='bbox 849 843 965 893; x_wconf 88' lang='lat' dir='ltr'><strong>tamen.</strong></span> 
     </span>
     <span class='ocr_line' id='line_1_6' title="bbox 253 938 971 1016; baseline -0.003 -16"><span class='ocrx_word' id='word_1_29' title='bbox 253 940 287 1000; x_wconf 83' lang='lat' dir='ltr'><strong>[tt</strong></span> <span class='ocrx_word' id='word_1_30' title='bbox 302 939 423 1012; x_wconf 81' lang='lat' dir='ltr'><strong>saciant,</strong></span> <span class='ocrx_word' id='word_1_31' title='bbox 438 949 472 999; x_wconf 91' lang='lat' dir='ltr'><strong>ut</strong></span> <span class='ocrx_word' id='word_1_32' title='bbox 486 938 525 999; x_wconf 89' lang='lat' dir='ltr'><strong>sit</strong></span> <span class='ocrx_word' id='word_1_33' title='bbox 539 939 699 1001; x_wconf 88' lang='lat' dir='ltr'><strong>temeraria</strong></span> <span class='ocrx_word' id='word_1_34' title='bbox 714 950 819 1001; x_wconf 91' lang='lat' dir='ltr'><strong>nostra</strong></span> <span class='ocrx_word' id='word_1_35' title='bbox 832 940 971 1016; x_wconf 78' lang='lat' dir='ltr'><strong>querela,</strong></span> 
     </span>
     <span class='ocr_line' id='line_1_7' title="bbox 294 1044 961 1122; baseline -0.006 -16"><span class='ocrx_word' id='word_1_36' title='bbox 294 1048 395 1122; x_wconf 85' lang='lat' dir='ltr'><strong>Teque</strong></span> <span class='ocrx_word' id='word_1_37' title='bbox 409 1056 513 1122; x_wconf 87' lang='lat' dir='ltr'><strong>putem</strong></span> <span class='ocrx_word' id='word_1_38' title='bbox 529 1045 606 1104; x_wconf 75' lang='lat' dir='ltr'><strong>falso</strong></span> <span class='ocrx_word' id='word_1_39' title='bbox 622 1061 684 1104; x_wconf 92' lang='lat' dir='ltr'><strong>non</strong></span> <span class='ocrx_word' id='word_1_40' title='bbox 699 1044 874 1106; x_wconf 87' lang='lat' dir='ltr'><strong>meminisse</strong></span> <span class='ocrx_word' id='word_1_41' title='bbox 890 1044 961 1106; x_wconf 85' lang='lat' dir='ltr'><strong>mei.</strong></span> 
     </span>
     <span class='ocr_line' id='line_1_8' title="bbox 255 1149 1183 1232; baseline 0.002 -21"><span class='ocrx_word' id='word_1_42' title='bbox 255 1152 352 1224; x_wconf 80' lang='lat' dir='ltr'><strong>Quod,</strong></span> <span class='ocrx_word' id='word_1_43' title='bbox 367 1167 491 1228; x_wconf 89' lang='lat' dir='ltr'><strong>precor,</strong></span> <span class='ocrx_word' id='word_1_44' title='bbox 507 1167 576 1210; x_wconf 84' lang='lat' dir='ltr'><strong>esse</strong></span> <span class='ocrx_word' id='word_1_45' title='bbox 587 1149 692 1227; x_wconf 87' lang='lat' dir='ltr'><strong>liquet:</strong></span> <span class='ocrx_word' id='word_1_46' title='bbox 709 1150 905 1232; x_wconf 88' lang='lat' dir='ltr'><strong>nequeenim</strong></span> <span class='ocrx_word' id='word_1_47' title='bbox 921 1151 1069 1212; x_wconf 79' lang='lat' dir='ltr'><strong>mutabile</strong></span> <span class='ocrx_word' id='word_1_48' title='bbox 1085 1154 1183 1213; x_wconf 91' lang='lat' dir='ltr'><strong>robur</strong></span> 
     </span>
     <span class='ocr_line' id='line_1_9' title="bbox 295 1254 904 1333; baseline 0 -17"><span class='ocrx_word' id='word_1_49' title='bbox 295 1256 424 1316; x_wconf 83' lang='lat' dir='ltr'><strong>Credere</strong></span> <span class='ocrx_word' id='word_1_50' title='bbox 438 1272 486 1315; x_wconf 90' lang='lat' dir='ltr'><strong>me</strong></span> <span class='ocrx_word' id='word_1_51' title='bbox 499 1254 544 1315; x_wconf 86' lang='lat' dir='ltr'><strong>sas</strong></span> <span class='ocrx_word' id='word_1_52' title='bbox 554 1266 602 1315; x_wconf 86' lang='lat' dir='ltr'><strong>est</strong></span> <span class='ocrx_word' id='word_1_53' title='bbox 617 1255 752 1333; x_wconf 87' lang='lat' dir='ltr'><strong>pectoris</strong></span> <span class='ocrx_word' id='word_1_54' title='bbox 766 1272 834 1316; x_wconf 91' lang='lat' dir='ltr'><strong>esse</strong></span> <span class='ocrx_word' id='word_1_55' title='bbox 850 1256 904 1316; x_wconf 88' lang='lat' dir='ltr'><strong>tui.</strong></span> 
     </span>
     <span class='ocr_line' id='line_1_10' title="bbox 255 1359 952 1438; baseline 0.001 -17"><span class='ocrx_word' id='word_1_56' title='bbox 255 1363 334 1422; x_wconf 79' lang='lat' dir='ltr'><strong>Cana</strong></span> <span class='ocrx_word' id='word_1_57' title='bbox 347 1360 432 1438; x_wconf 89' lang='lat' dir='ltr'><strong>prius</strong></span> <span class='ocrx_word' id='word_1_58' title='bbox 449 1361 550 1438; x_wconf 84' lang='lat' dir='ltr'><strong>gelido</strong></span> <span class='ocrx_word' id='word_1_59' title='bbox 565 1359 665 1421; x_wconf 89' lang='lat' dir='ltr'><strong>desint</strong></span> <span class='ocrx_word' id='word_1_60' title='bbox 678 1360 828 1423; x_wconf 89' lang='lat' dir='ltr'><strong>absinthia</strong></span> <span class='ocrx_word' id='word_1_61' title='bbox 844 1364 952 1435; x_wconf 85' lang='lat' dir='ltr'><strong>Ponto,</strong></span> 
     </span>
     <span class='ocr_line' id='line_1_11' title="bbox 296 1465 944 1544; baseline -0.003 -16"><span class='ocrx_word' id='word_1_62' title='bbox 296 1467 332 1528; x_wconf 83' lang='lat' dir='ltr'><strong>Et</strong></span> <span class='ocrx_word' id='word_1_63' title='bbox 346 1475 448 1526; x_wconf 84' lang='lat' dir='ltr'><strong>carent</strong></span> <span class='ocrx_word' id='word_1_64' title='bbox 459 1465 540 1526; x_wconf 89' lang='lat' dir='ltr'><strong>dulci</strong></span> <span class='ocrx_word' id='word_1_65' title='bbox 554 1465 707 1527; x_wconf 85' lang='lat' dir='ltr'><strong>Trinacris</strong></span> <span class='ocrx_word' id='word_1_66' title='bbox 717 1467 811 1543; x_wconf 82' lang='lat' dir='ltr'><strong>Hybla</strong></span> <span class='ocrx_word' id='word_1_67' title='bbox 827 1467 944 1544; x_wconf 87' lang='lat' dir='ltr'><strong>thymo,</strong></span> 
     </span>
     <span class='ocr_line' id='line_1_12' title="bbox 255 1573 1087 1651; baseline 0.002 -19"><span class='ocrx_word' id='word_1_68' title='bbox 255 1574 467 1634; x_wconf 84' lang='lat' dir='ltr'><strong>Immemorem</strong></span> <span class='ocrx_word' id='word_1_69' title='bbox 482 1589 573 1649; x_wconf 88' lang='lat' dir='ltr'><strong>quam</strong></span> <span class='ocrx_word' id='word_1_70' title='bbox 586 1583 617 1634; x_wconf 90' lang='lat' dir='ltr'><strong>te</strong></span> <span class='ocrx_word' id='word_1_71' title='bbox 632 1573 792 1651; x_wconf 89' lang='lat' dir='ltr'><strong>quisquam</strong></span> <span class='ocrx_word' id='word_1_72' title='bbox 808 1573 969 1635; x_wconf 88' lang='lat' dir='ltr'><strong>convincat</strong></span> <span class='ocrx_word' id='word_1_73' title='bbox 986 1573 1087 1636; x_wconf 87' lang='lat' dir='ltr'><strong>amici:</strong></span> 
     </span>
     <span class='ocr_line' id='line_1_13' title="bbox 299 1678 894 1758; baseline -0.002 -19"><span class='ocrx_word' id='word_1_74' title='bbox 299 1680 365 1739; x_wconf 91' lang='lat' dir='ltr'><strong>Non</strong></span> <span class='ocrx_word' id='word_1_75' title='bbox 377 1679 417 1740; x_wconf 91' lang='lat' dir='ltr'><strong>ita</strong></span> <span class='ocrx_word' id='word_1_76' title='bbox 432 1691 504 1740; x_wconf 90' lang='lat' dir='ltr'><strong>sunt</strong></span> <span class='ocrx_word' id='word_1_77' title='bbox 518 1678 706 1741; x_wconf 82' lang='lat' dir='ltr'><strong>satistamina</strong></span> <span class='ocrx_word' id='word_1_78' title='bbox 722 1679 807 1758; x_wconf 82' lang='lat' dir='ltr'><strong>nigra</strong></span> <span class='ocrx_word' id='word_1_79' title='bbox 823 1679 894 1740; x_wconf 91' lang='lat' dir='ltr'><strong>mei.</strong></span> 
     </span>
     <span class='ocr_line' id='line_1_14' title="bbox 258 1788 1075 1867; baseline 0.002 -19"><span class='ocrx_word' id='word_1_80' title='bbox 258 1790 302 1849; x_wconf 80' lang='lat' dir='ltr'><strong>Tu</strong></span> <span class='ocrx_word' id='word_1_81' title='bbox 314 1799 428 1862; x_wconf 76' lang='lat' dir='ltr'><strong>mmen,</strong></span> <span class='ocrx_word' id='word_1_82' title='bbox 441 1799 475 1851; x_wconf 89' lang='lat' dir='ltr'><strong>ut</strong></span> <span class='ocrx_word' id='word_1_83' title='bbox 489 1790 573 1851; x_wconf 85' lang='lat' dir='ltr'><strong>falsae</strong></span> <span class='ocrx_word' id='word_1_84' title='bbox 592 1788 692 1867; x_wconf 90' lang='lat' dir='ltr'><strong>possis</strong></span> <span class='ocrx_word' id='word_1_85' title='bbox 707 1806 830 1866; x_wconf 84' lang='lat' dir='ltr'><strong>quoqne</strong></span> <span class='ocrx_word' id='word_1_86' title='bbox 844 1789 959 1867; x_wconf 87' lang='lat' dir='ltr'><strong>pellere</strong></span> <span class='ocrx_word' id='word_1_87' title='bbox 975 1789 1075 1867; x_wconf 84' lang='lat' dir='ltr'><strong>culpae</strong></span> 
     </span>
     <span class='ocr_line' id='line_1_15' title="bbox 298 1893 979 1971; baseline -0.003 -18"><span class='ocrx_word' id='word_1_88' title='bbox 298 1894 438 1967; x_wconf 86' lang='lat' dir='ltr'><strong>Crimina,</strong></span> <span class='ocrx_word' id='word_1_89' title='bbox 455 1895 538 1971; x_wconf 89' lang='lat' dir='ltr'><strong>quod</strong></span> <span class='ocrx_word' id='word_1_90' title='bbox 556 1911 675 1967; x_wconf 86' lang='lat' dir='ltr'><strong>nones,</strong></span> <span class='ocrx_word' id='word_1_91' title='bbox 692 1911 730 1954; x_wconf 87' lang='lat' dir='ltr'><strong>ne</strong></span> <span class='ocrx_word' id='word_1_92' title='bbox 745 1893 877 1967; x_wconf 80' lang='lat' dir='ltr'><strong>videare,</strong></span> <span class='ocrx_word' id='word_1_93' title='bbox 895 1910 979 1955; x_wconf 85' lang='lat' dir='ltr'><strong>cave.</strong></span> 
     </span>
     <span class='ocr_line' id='line_1_16' title="bbox 258 2002 1018 2080; baseline 0 -18"><span class='ocrx_word' id='word_1_94' title='bbox 258 2002 355 2079; x_wconf 85' lang='lat' dir='ltr'><strong>thue</strong></span> <span class='ocrx_word' id='word_1_95' title='bbox 367 2002 540 2065; x_wconf 78' lang='lat' dir='ltr'><strong>solebamus</strong></span> <span class='ocrx_word' id='word_1_96' title='bbox 555 2019 738 2065; x_wconf 86' lang='lat' dir='ltr'><strong>consumere</strong></span> <span class='ocrx_word' id='word_1_97' title='bbox 753 2003 846 2079; x_wconf 82' lang='lat' dir='ltr'><strong>longa</strong></span> <span class='ocrx_word' id='word_1_98' title='bbox 862 2002 1018 2080; x_wconf 87' lang='lat' dir='ltr'><strong>loquendo</strong></span> 
     </span>
     <span class='ocr_line' id='line_1_17' title="bbox 299 2106 896 2182; baseline 0.005 -18"><span class='ocrx_word' id='word_1_99' title='bbox 299 2107 459 2182; x_wconf 81' lang='lat' dir='ltr'><strong>Tempora,</strong></span> <span class='ocrx_word' id='word_1_100' title='bbox 475 2124 648 2168; x_wconf 89' lang='lat' dir='ltr'><strong>sermonem</strong></span> <span class='ocrx_word' id='word_1_101' title='bbox 659 2107 818 2169; x_wconf 83' lang='lat' dir='ltr'><strong>deficiente</strong></span> <span class='ocrx_word' id='word_1_102' title='bbox 836 2106 896 2180; x_wconf 88' lang='lat' dir='ltr'><strong>die;</strong></span> 
     </span>
     <span class='ocr_line' id='line_1_18' title="bbox 260 2211 1020 2286; baseline 0.003 -14"><span class='ocrx_word' id='word_1_103' title='bbox 260 2211 309 2272; x_wconf 88' lang='lat' dir='ltr'><strong>Sic</strong></span> <span class='ocrx_word' id='word_1_104' title='bbox 322 2211 399 2272; x_wconf 81' lang='lat' dir='ltr'><strong>ferat</strong></span> <span class='ocrx_word' id='word_1_105' title='bbox 412 2227 447 2272; x_wconf 91' lang='lat' dir='ltr'><strong>ac</strong></span> <span class='ocrx_word' id='word_1_106' title='bbox 463 2214 575 2272; x_wconf 84' lang='lat' dir='ltr'><strong>reserat</strong></span> <span class='ocrx_word' id='word_1_107' title='bbox 586 2214 693 2273; x_wconf 87' lang='lat' dir='ltr'><strong>tacitas</strong></span> <span class='ocrx_word' id='word_1_108' title='bbox 706 2231 788 2274; x_wconf 89' lang='lat' dir='ltr'><strong>nunc</strong></span> <span class='ocrx_word' id='word_1_109' title='bbox 802 2213 903 2274; x_wconf 90' lang='lat' dir='ltr'><strong>littera</strong></span> <span class='ocrx_word' id='word_1_110' title='bbox 918 2231 1020 2286; x_wconf 87' lang='lat' dir='ltr'><strong>voces,</strong></span> 
     </span>
     <span class='ocr_line' id='line_1_19' title="bbox 303 2315 1023 2394; baseline 0.004 -19"><span class='ocrx_word' id='word_1_111' title='bbox 303 2317 340 2376; x_wconf 81' lang='lat' dir='ltr'><strong>Et</strong></span> <span class='ocrx_word' id='word_1_112' title='bbox 349 2327 496 2394; x_wconf 83' lang='lat' dir='ltr'><strong>peragant</strong></span> <span class='ocrx_word' id='word_1_113' title='bbox 510 2315 622 2394; x_wconf 83' lang='lat' dir='ltr'><strong>liuguae</strong></span> <span class='ocrx_word' id='word_1_114' title='bbox 635 2317 741 2378; x_wconf 86' lang='lat' dir='ltr'><strong>charta</strong></span> <span class='ocrx_word' id='word_1_115' title='bbox 755 2333 924 2394; x_wconf 84' lang='lat' dir='ltr'><strong>manusque</strong></span> <span class='ocrx_word' id='word_1_116' title='bbox 931 2318 1023 2379; x_wconf 85' lang='lat' dir='ltr'><strong>vices:</strong></span> 
     </span>
     <span class='ocr_line' id='line_1_20' title="bbox 263 2421 1011 2500; baseline 0.003 -18"><span class='ocrx_word' id='word_1_117' title='bbox 263 2423 348 2496; x_wconf 83' lang='lat' dir='ltr'><strong>Quod</strong></span> <span class='ocrx_word' id='word_1_118' title='bbox 360 2423 426 2484; x_wconf 85' lang='lat' dir='ltr'><strong>fore</strong></span> <span class='ocrx_word' id='word_1_119' title='bbox 439 2441 478 2484; x_wconf 91' lang='lat' dir='ltr'><strong>ne</strong></span> <span class='ocrx_word' id='word_1_120' title='bbox 493 2423 618 2484; x_wconf 89' lang='lat' dir='ltr'><strong>nimium</strong></span> <span class='ocrx_word' id='word_1_121' title='bbox 632 2421 734 2483; x_wconf 85' lang='lat' dir='ltr'><strong>videar</strong></span> <span class='ocrx_word' id='word_1_122' title='bbox 749 2422 897 2495; x_wconf 87' lang='lat' dir='ltr'><strong>diffidere,</strong></span> <span class='ocrx_word' id='word_1_123' title='bbox 912 2423 1011 2500; x_wconf 88' lang='lat' dir='ltr'><strong>sitque</strong></span> 
     </span>
     <span class='ocr_line' id='line_1_21' title="bbox 302 2528 940 2607; baseline -0.005 -15"><span class='ocrx_word' id='word_1_124' title='bbox 302 2531 446 2593; x_wconf 87' lang='lat' dir='ltr'><strong>Versibus</strong></span> <span class='ocrx_word' id='word_1_125' title='bbox 460 2529 509 2592; x_wconf 87' lang='lat' dir='ltr'><strong>hic</strong></span> <span class='ocrx_word' id='word_1_126' title='bbox 524 2529 630 2607; x_wconf 90' lang='lat' dir='ltr'><strong>paucis</strong></span> <span class='ocrx_word' id='word_1_127' title='bbox 644 2528 839 2590; x_wconf 91' lang='lat' dir='ltr'><strong>admonuisse</strong></span> <span class='ocrx_word' id='word_1_128' title='bbox 854 2528 940 2601; x_wconf 87' lang='lat' dir='ltr'><strong>satis;</strong></span> 
     </span>
     <span class='ocr_line' id='line_1_22' title="bbox 261 2635 966 2719; baseline -0.004 -20"><span class='ocrx_word' id='word_1_129' title='bbox 261 2637 384 2719; x_wconf 81' lang='lat' dir='ltr'><strong>Accipe,</strong></span> <span class='ocrx_word' id='word_1_130' title='bbox 396 2655 457 2714; x_wconf 89' lang='lat' dir='ltr'><strong>quo</strong></span> <span class='ocrx_word' id='word_1_131' title='bbox 469 2652 590 2714; x_wconf 90' lang='lat' dir='ltr'><strong>semper</strong></span> <span class='ocrx_word' id='word_1_132' title='bbox 600 2635 703 2697; x_wconf 77' lang='lat' dir='ltr'><strong>{initur</strong></span> <span class='ocrx_word' id='word_1_133' title='bbox 717 2636 847 2712; x_wconf 89' lang='lat' dir='ltr'><strong>epistola</strong></span> <span class='ocrx_word' id='word_1_134' title='bbox 862 2636 966 2708; x_wconf 86' lang='lat' dir='ltr'><strong>verbo,</strong></span> 
     </span>
     <span class='ocr_line' id='line_1_23' title="bbox 302 2742 909 2820; baseline -0.003 -16"><span class='ocrx_word' id='word_1_135' title='bbox 302 2745 399 2820; x_wconf 81' lang='lat' dir='ltr'><strong>mque</strong></span> <span class='ocrx_word' id='word_1_136' title='bbox 414 2743 489 2804; x_wconf 88' lang='lat' dir='ltr'><strong>meis</strong></span> <span class='ocrx_word' id='word_1_137' title='bbox 502 2742 614 2803; x_wconf 86' lang='lat' dir='ltr'><strong>distem</strong></span> <span class='ocrx_word' id='word_1_138' title='bbox 633 2753 667 2803; x_wconf 93' lang='lat' dir='ltr'><strong>ut</strong></span> <span class='ocrx_word' id='word_1_139' title='bbox 682 2743 815 2818; x_wconf 73' lang='lat' dir='ltr'><strong>madata,</strong></span> <span class='ocrx_word' id='word_1_140' title='bbox 833 2745 909 2804; x_wconf 77' lang='lat' dir='ltr'><strong>vale.</strong></span> 
     </span>
    </p>
   </div>
   <div class='ocr_carea' id='block_1_3' title="bbox 613 2961 920 3016">
    <p class='ocr_par' dir='ltr' id='par_1_3' title="bbox 613 2961 920 3016">
     <span class='ocr_line' id='line_1_24' title="bbox 613 2961 920 3016; baseline -0.007 -2"><span class='ocrx_word' id='word_1_141' title='bbox 613 2961 795 3016; x_wconf 69' lang='lat' dir='ltr'><strong>mmmm</strong></span> <span class='ocrx_word' id='word_1_142' title='bbox 815 2961 920 3016; x_wconf 78' lang='lat' dir='ltr'><strong>xlv.</strong></span> 
     </span>
    </p>
   </div>
   <div class='ocr_carea' id='block_1_4' title="bbox 263 3169 1080 3787">
    <p class='ocr_par' dir='ltr' id='par_1_4' title="bbox 263 3169 1041 3356">
     <span class='ocr_line' id='line_1_25' title="bbox 263 3169 1041 3244; baseline -0.003 -12"><span class='ocrx_word' id='word_1_143' title='bbox 263 3173 378 3244; x_wconf 82' lang='lat' dir='ltr'><strong>Quanta</strong></span> <span class='ocrx_word' id='word_1_144' title='bbox 395 3170 447 3232; x_wconf 88' lang='lat' dir='ltr'><strong>tibi</strong></span> <span class='ocrx_word' id='word_1_145' title='bbox 462 3169 602 3232; x_wconf 88' lang='lat' dir='ltr'><strong>dederint</strong></span> <span class='ocrx_word' id='word_1_146' title='bbox 614 3170 712 3232; x_wconf 87' lang='lat' dir='ltr'><strong>nostri</strong></span> <span class='ocrx_word' id='word_1_147' title='bbox 726 3181 924 3233; x_wconf 88' lang='lat' dir='ltr'><strong>monumenta</strong></span> <span class='ocrx_word' id='word_1_148' title='bbox 937 3170 1041 3242; x_wconf 85' lang='lat' dir='ltr'><strong>libelli,</strong></span> 
     </span>
     <span class='ocr_line' id='line_1_26' title="bbox 304 3278 922 3356; baseline -0.006 -14"><span class='ocrx_word' id='word_1_149' title='bbox 304 3280 406 3342; x_wconf 86' lang='lat' dir='ltr'><strong>Omihi</strong></span> <span class='ocrx_word' id='word_1_150' title='bbox 421 3297 470 3340; x_wconf 93' lang='lat' dir='ltr'><strong>me</strong></span> <span class='ocrx_word' id='word_1_151' title='bbox 484 3280 598 3356; x_wconf 77' lang='lat' dir='ltr'><strong>conjux</strong></span> <span class='ocrx_word' id='word_1_152' title='bbox 612 3279 723 3350; x_wconf 87' lang='lat' dir='ltr'><strong>carior,</strong></span> <span class='ocrx_word' id='word_1_153' title='bbox 742 3278 807 3356; x_wconf 86' lang='lat' dir='ltr'><strong>ipsa</strong></span> <span class='ocrx_word' id='word_1_154' title='bbox 827 3279 922 3340; x_wconf 85' lang='lat' dir='ltr'><strong>vides.</strong></span> 
     </span>
    </p>

    <p class='ocr_par' dir='ltr' id='par_1_5' title="bbox 263 3386 993 3570">
     <span class='ocr_line' id='line_1_27' title="bbox 263 3386 993 3459; baseline -0.008 -8"><span class='ocrx_word' id='word_1_155' title='bbox 263 3390 407 3451; x_wconf 84' lang='lat' dir='ltr'><strong>Detrahat</strong></span> <span class='ocrx_word' id='word_1_156' title='bbox 419 3386 537 3452; x_wconf 87' lang='lat' dir='ltr'><strong>auctori</strong></span> <span class='ocrx_word' id='word_1_157' title='bbox 551 3387 680 3448; x_wconf 90' lang='lat' dir='ltr'><strong>multum</strong></span> <span class='ocrx_word' id='word_1_158' title='bbox 694 3387 817 3448; x_wconf 84' lang='lat' dir='ltr'><strong>fortuna</strong></span> <span class='ocrx_word' id='word_1_159' title='bbox 831 3386 944 3459; x_wconf 85' lang='lat' dir='ltr'><strong>licebit;</strong></span> <span class='ocrx_word' id='word_1_160' title='bbox 991 3429 993 3432; x_wconf 86' lang='lat'>-</span> 
     </span>
     <span class='ocr_line' id='line_1_28' title="bbox 303 3492 907 3570; baseline 0 -18"><span class='ocrx_word' id='word_1_161' title='bbox 303 3495 348 3553; x_wconf 80' lang='lat' dir='ltr'><strong>Tu</strong></span> <span class='ocrx_word' id='word_1_162' title='bbox 362 3503 464 3554; x_wconf 90' lang='lat' dir='ltr'><strong>tamen</strong></span> <span class='ocrx_word' id='word_1_163' title='bbox 479 3492 600 3570; x_wconf 82' lang='lat' dir='ltr'><strong>ingenio</strong></span> <span class='ocrx_word' id='word_1_164' title='bbox 612 3493 695 3554; x_wconf 86' lang='lat' dir='ltr'><strong>clara</strong></span> <span class='ocrx_word' id='word_1_165' title='bbox 707 3492 806 3553; x_wconf 88' lang='lat' dir='ltr'><strong>serere</strong></span> <span class='ocrx_word' id='word_1_166' title='bbox 826 3509 907 3553; x_wconf 92' lang='lat' dir='ltr'><strong>meo:</strong></span> 
     </span>
    </p>

    <p class='ocr_par' dir='ltr' id='par_1_6' title="bbox 263 3598 1080 3787">
     <span class='ocr_line' id='line_1_29' title="bbox 263 3598 1080 3677; baseline 0 -17"><span class='ocrx_word' id='word_1_167' title='bbox 263 3602 401 3675; x_wconf 82' lang='lat' dir='ltr'><strong>Dumque</strong></span> <span class='ocrx_word' id='word_1_168' title='bbox 414 3601 509 3677; x_wconf 82' lang='lat' dir='ltr'><strong>legar,</strong></span> <span class='ocrx_word' id='word_1_169' title='bbox 521 3615 641 3663; x_wconf 90' lang='lat' dir='ltr'><strong>mecum</strong></span> <span class='ocrx_word' id='word_1_170' title='bbox 658 3598 772 3677; x_wconf 91' lang='lat' dir='ltr'><strong>pariter</strong></span> <span class='ocrx_word' id='word_1_171' title='bbox 790 3608 841 3660; x_wconf 85' lang='lat' dir='ltr'><strong>tua</strong></span> <span class='ocrx_word' id='word_1_172' title='bbox 856 3599 936 3658; x_wconf 86' lang='lat' dir='ltr'><strong>fama</strong></span> <span class='ocrx_word' id='word_1_173' title='bbox 950 3599 1080 3677; x_wconf 72' lang='lat' dir='ltr'><strong>legetum</strong></span> 
     </span>
     <span class='ocr_line' id='line_1_30' title="bbox 303 3707 989 3787; baseline -0.001 -18"><span class='ocrx_word' id='word_1_174' title='bbox 303 3708 362 3769; x_wconf 91' lang='lat' dir='ltr'><strong>Nec</strong></span> <span class='ocrx_word' id='word_1_175' title='bbox 377 3718 465 3786; x_wconf 89' lang='lat' dir='ltr'><strong>potes</strong></span> <span class='ocrx_word' id='word_1_176' title='bbox 475 3708 505 3769; x_wconf 85' lang='lat' dir='ltr'><strong>in</strong></span> <span class='ocrx_word' id='word_1_177' title='bbox 520 3719 649 3773; x_wconf 86' lang='lat' dir='ltr'><strong>moestos</strong></span> <span class='ocrx_word' id='word_1_178' title='bbox 671 3707 770 3771; x_wconf 87' lang='lat' dir='ltr'><strong>omnis</strong></span> <span class='ocrx_word' id='word_1_179' title='bbox 789 3707 873 3771; x_wconf 83' lang='lat' dir='ltr'><strong>abire</strong></span> <span class='ocrx_word' id='word_1_180' title='bbox 886 3725 989 3787; x_wconf 82' lang='lat' dir='ltr'><strong>rogos.</strong></span> 
     </span>
    </p>
   </div>
   <div class='ocr_carea' id='block_1_5' title="bbox 0 0 1487 5002">
    <p class='ocr_par' dir='ltr' id='par_1_7' title="bbox 0 0 1487 5002">
     <span class='ocr_line' id='line_1_31' title="bbox 0 0 1487 5002; baseline 0 0"><span class='ocrx_word' id='word_1_181' title='bbox 0 0 1487 5002; x_wconf 95' lang='lat' dir='ltr'><strong> </strong></span> 
     </span>
    </p>
   </div>
  </div>
 </body>
</html>
