2932 5002
503 353 624 412 „pq-

58 481 196 543 blanibus
206 481 237 542 id
248 480 321 543 satis
343 491 401 552 est;
420 483 458 543 ad
471 498 537 554 vos,
554 483 693 546 studiosa
706 496 856 558 revertor,

91 593 229 664 Pectora,
247 607 318 668 quae
330 591 401 651 vitae
414 591 554 668 quaeritis
568 602 636 652 acta
650 609 739 654 meae.

46 701 114 758 lam
136 697 208 758 milri
223 696 361 768 canities,
377 696 475 774 pulsis
493 697 673 759 melioribus
688 698 789 772 aunis,

90 806 232 877 Venerat,
248 801 389 878 antiquas
405 802 632 880 miscueratque
647 821 765 876 comas;

52 912 186 986 Postque
200 925 286 968 meos
301 918 390 969 ortus
401 908 496 969 Pisaea
507 908 627 970 vinctus
640 909 733 981 oliva,

78 1013 267 1081 ‘Abstulerat
280 1018 383 1080 decies
403 1017 530 1096 praemia
545 1018 645 1079 victor
667 1035 776 1095 eques:

53 1128 163 1199 Quum,
173 1124 265 1185 maris
281 1124 388 1184 Euxini
404 1123 523 1201 positos
537 1125 576 1184 ad
591 1125 683 1196 laeva,
701 1124 836 1184 Tomitas

96 1234 238 1304 Quaerere
249 1250 299 1293 me
313 1232 379 1292 laesi
392 1230 541 1309 principis
555 1230 708 1308 irajubet.

54 1341 151 1401 Causa
161 1357 238 1400 meae
252 1339 383 1412 cunctis,
400 1337 527 1398 nimium
537 1355 661 1415 quoque
677 1349 761 1412 uota,
779 1340 876 1401 ruinae

97 1449 213 1510 indicio
227 1466 289 1508 nou
305 1458 352 1510 est
366 1448 556 1509 testificanda
571 1465 652 1509 meo.

56 1555 132 1626 Quid
151 1555 281 1616 reseram
297 1555 505 1632 comitumque
521 1555 617 1624 nelaS,
634 1555 832 1632 famulosque
843 1562 1007 1618 nocentes?

99 1664 167 1740 lpsa
177 1663 273 1723 multa
287 1663 342 1722 tuli
357 1679 419 1721 nou
435 1663 550 1722 leviora
568 1662 650 1739 suga.

56 1772 213 1850 Indignata
227 1771 314 1832 malis
328 1788 414 1832 mens
429 1781 475 1831 est
490 1772 703 1832 succumbere:
721 1789 816 1848 seque
867 1746 870 1753 ’

101 1877 243 1939 Praestitit
256 1876 316 1936 invi
322 1889 403 1937 ctam
417 1876 532 1936 viribus
548 1892 602 1936 usa
618 1875 693 1937 suis:

60 1983 234 2060 oblitusque
250 1994 340 2060 togae,
357 1983 519 2058 ductaeque
534 1999 590 2058 per
601 1981 663 2041 otia
678 1981 760 2053 vitae,

102 2092 225 2153 lusolita
236 2092 304 2170 cepi
324 2090 470 2170 temporis
481 2107 566 2150 arma
582 2108 685 2151 manu.

61 2207 178 2280 Totque
189 2203 243 2264 tuli
257 2214 338 2263 terra
350 2218 441 2263 casus
455 2200 638 2281 pelagoque,
660 2213 735 2280 quot
750 2203 831 2266 iuter

105 2311 264 2370 Occultum
277 2308 377 2370 stellae
387 2309 653 2386 conspicuumque
668 2310 785 2385 polum.

63 2418 156 2476 Tacta
170 2415 243 2475 mihi
257 2416 391 2484 tandem,
404 2413 506 2488 longis
522 2412 680 2471 erroribus
693 2421 775 2483 acte,

107 2524 216 2582 lancta
227 2517 412 2597 pharetratis
427 2517 572 2577 Sarmatis
588 2533 642 2576 ora
658 2517 751 2578 Getis.

62 2629 118 2692 Hic
128 2644 199 2705 ego,
215 2625 348 2686 finitimis
361 2623 498 2701 quamvis
513 2623 726 2685 circumsoner
740 2625 843 2698 armis,
883 2685 889 2696 ,

105 2735 224 2807 Tristia,
242 2752 303 2811 quo
318 2749 446 2812 possum
457 2732 604 2806 carmine,
621 2733 681 2794 sata
696 2734 775 2796 levo.
868 2768 870 2772 ι

66 2844 153 2915 Quod
165 2841 303 2919 quamvis
318 2857 408 2901 nemo
424 2851 481 2912 est,
502 2841 591 2916 cujus
605 2840 757 2902 referatur
774 2844 813 2903 ad
828 2860 932 2917 aures,

109 2948 157 3009 Sic
173 2958 275 3008 tamen
286 2949 415 3008 absumo
428 2945 612 3023 decipioque
624 2947 716 3007 diem.

68 3058 149 3133 Ergo
163 3055 246 3131 quod
261 3052 341 3124 vivo,
358 3052 505 3129 durisque
521 3051 678 3112 laboribus
694 3054 796 3126 obsto,

112 3165 174 3224 Nec
189 3180 238 3222 me
253 3160 390 3222 sollicitae
404 3160 495 3222 taedia
510 3160 589 3220 lucis
604 3162 729 3232 habena

76 3271 189 3343 Gratia,
207 3257 302 3342 Musa,
321 3268 386 3340 tibi;
403 3285 474 3328 nam
490 3278 524 3328 tu
539 3266 648 3328 solatia
662 3268 795 3343 praebes,

111 3379 155 3438 'lu
170 3393 252 3437 curae
266 3373 399 3450 requies,
420 3384 453 3433 tu
472 3369 624 3432 medicina
646 3371 731 3433 mali:

70 3491 116 3548 Tu
130 3489 203 3558 dux,
220 3496 314 3561 tuque
330 3499 446 3543 comes:
466 3494 499 3544 tu
514 3499 572 3544 nos
586 3483 715 3544 abducis
730 3485 769 3544 ab
791 3484 881 3563 Istro,

116 3595 149 3653 ln
164 3593 326 3669 medioque
343 3589 415 3650 mibi
430 3591 485 3650 das
500 3589 646 3652 Helicone
661 3592 781 3650 locam:

77 3705 122 3763 Tu
136 3701 219 3776 mihi,
237 3702 322 3778 quod
338 3717 460 3773 rarum,
487 3697 555 3761 tivo
571 3698 702 3763 sublime
715 3696 825 3761 dedisti

874 3869 1141 3987 &ababa
1216 3975 1217 3978 Ν
1258 3904 1260 3908 ⁴
