2932 5002
714 349 836 408 -62-

254 478 314 539 Nee
329 478 406 550 iere,
429 496 486 538 uec
503 488 604 539 tutum
618 487 676 550 est,
693 494 755 554 quo
771 478 832 538 sint
849 493 917 538 mea
933 477 1125 540 (1111111111

297 585 424 644 Lumina
438 584 552 644 funesti
567 584 691 646 conscia
706 585 786 646 sacta
804 585 885 645 mali.

255 695 402 769 Mensque
417 692 607 765 reformidat,
623 693 716 753 veluti
731 709 787 752 sua
805 695 943 766 vulnera,
960 704 1083 773 tempus

296 801 385 861 illud:
401 811 432 861 et
449 801 608 862 admonitu
624 802 770 863 tituenus
785 801 852 878 ipse
867 802 969 862 dolor.

255 911 291 968 Et
306 925 511 986 quaecumque
525 909 603 969 adeo
619 919 751 986 possunt
765 909 886 970 adferre
900 911 1065 987 pudorem,

299 1018 350 1078 illa
364 1015 426 1096 tegi
441 1033 523 1077 caeca
541 1016 665 1078 condita
680 1027 772 1078 noete
787 1018 888 1078 decet.

254 1124 299 1184 Nil
316 1122 409 1202 igitur
423 1123 566 1196 11111111,
583 1123 641 1184 nisi
656 1140 705 1184 me
719 1140 877 1202 peccasse
894 1125 949 1184 sed
967 1123 1020 1182 ilio

298 1231 425 1293 Praemia
439 1241 568 1309 peceato
584 1232 667 1292 nulia
684 1231 779 1309 petita
794 1229 879 1291 mihi:

257 1337 481 1414 stultitiamque
493 1354 596 1398 meum
612 1336 728 1397 crimen
744 1338 857 1398 debere
872 1338 987 1409 vocari,

296 1446 424 1507 Nomina
439 1446 465 1507 si
479 1447 561 1507 11111
576 1447 707 1507 reddere
727 1463 799 1507 vera
815 1447 899 1507 velis.

257 1555 330 1625 Quae
346 1553 371 1614 si
385 1570 448 1613 nou
463 1553 503 1614 ita
516 1563 599 1627 sunt,
616 1552 719 1627 alium,
735 1570 797 1631 quo
812 1553 934 1632 longius
948 1553 1056 1625 absim,

299 1661 418 1733 Quare,
435 1658 611 1722 suburbana
626 1662 692 1720 haee
708 1659 747 1721 sit
763 1660 836 1720 mihi
852 1670 946 1733 terra,
963 1661 1077 1720 ieenm.

628 1876 810 1931 lenum
825 1877 915 1931 vll.

258 2093 340 2152 Vade
355 2095 530 2166 salutatum,
550 2094 652 2155 subito
666 2105 819 2170 perarata,
836 2095 975 2155 Perilium

300 2197 423 2270 Littera,
437 2197 588 2258 sermonis
603 2198 663 2258 fida
680 2198 817 2258 ministra
832 2199 902 2258 mei.

259 2302 316 2364 Ant
328 2302 412 2363 iliam
426 2301 562 2364 iuvenies
578 2302 659 2363 dulci
674 2319 746 2362 cum
760 2313 858 2363 matre
873 2304 1044 2375 sedentem,

300 2413 359 2474 Aut
373 2411 453 2473 iuter
467 2411 563 2473 libros
579 2411 774 2488 Pieridasque
787 2428 868 2472 suas.

259 2521 409 2598 Quidquid
423 2532 504 2600 aget,
518 2538 589 2582 eum
604 2531 635 2582 te
651 2520 756 2581 scierit
770 2520 902 2592 venisse,
920 2521 1084 2598 relinquet:

299 2629 360 2688 Nee
375 2644 472 2701 mera,
487 2627 561 2705 quid
576 2627 690 2700 veniaS,
708 2627 831 2704 quidve,
845 2626 992 2704 requiret,
1006 2645 1104 2706 agam.

258 2735 365 2795 Vivere
379 2735 533 2796 medices:
548 2736 603 2795 sed
616 2734 672 2806 sic,
689 2744 723 2794 ut
737 2733 838 2794 vivere
852 2734 958 2796 nolim:

300 2840 360 2900 1111
375 2841 453 2900 maia
466 2851 527 2900 tam
542 2841 634 2917 ionga
648 2849 755 2899 nestra
769 2840 865 2900 levata
881 2857 978 2901 mora.

258 2947 294 3006 Et
306 2955 407 3006 tumen
421 2947 459 3006 ad
473 2946 585 3018 Musas,
601 2945 737 3024 quamvis
751 2963 897 3019 nocuere,
915 2948 1037 3021 reverti,

299 3055 437 3132 Aptaque
449 3055 479 3116 in
497 3056 631 3116 alternos
646 3072 758 3134 cogere
772 3057 866 3117 rerba
876 3057 981 3134 pedes.

259 3161 303 3221 Tu
316 3178 449 3238 qnoque,
463 3161 523 3234 die,
539 3160 647 3222 studiis
662 3161 877 3222 communibus
891 3162 1002 3239 ecquid
1017 3162 1163 3236 inhaeres,

301 3268 456 3345 Ductaque
470 3285 532 3328 non
546 3267 645 3345 patrio
661 3267 795 3328 earmina
809 3285 896 3327 mere
910 3267 1009 3329 canis?

262 3379 335 3439 Nam
350 3378 402 3440 tibi
412 3395 482 3440 eum
496 3379 572 3440 iaeie
582 3396 684 3440 mores
698 3390 806 3440 natura
816 3378 956 3458 pudicos,
973 3405 974 3408 ยน

307 3491 344 3550 Et
355 3509 438 3554 raras
453 3494 541 3554 dotes
556 3491 775 3570 ingeniumque
791 3490 884 3551 dedit.

265 3596 328 3656 1111
339 3613 397 3672 ego
409 3597 570 3676 Pegasidas
581 3597 693 3660 deduxi
708 3597 825 3674 primus
840 3597 878 3657 ad
894 3597 1002 3668 undas,

306 3702 348 3762 Ne
362 3703 440 3763 male
454 3703 593 3767 fecundae
610 3721 686 3766 vena
701 3702 816 3782 periret
830 3719 929 3780 aquae,
