2932 5002
518 318 638 375 -95-

418 562 600 618 Elium
621 565 733 620 vm.

52 777 122 836 Jam
137 791 203 834 mea
218 791 347 852 cycneas
363 775 519 838 imitantur
535 789 674 856 tempora
690 781 830 858 plumas,

101 883 197 945 11111111
212 893 243 944 11
258 883 362 962 nigras
378 886 446 946 alba
459 897 584 948 senecta
598 904 716 948 comas:

57 994 125 1054 Jam
141 993 274 1053 subcunt
284 991 356 1052 anni
366 992 500 1071 fragiles,
511 1003 542 1054 et
555 993 686 1055 inertior
702 1004 789 1056 aetas:

98 1100 225 1174 Jamque
246 1114 355 1175 parum
369 1098 457 1158 iirmo
472 1115 521 1158 me
538 1099 611 1160 mihi
625 1100 706 1160 serre
716 1117 808 1177 grave
824 1112 884 1162 est.

58 1205 230 1275 Nuncerat,
247 1212 281 1263 ut
295 1203 396 1280 posito
408 1204 552 1264 deberem
568 1204 627 1264 iine
642 1205 791 1265 laborum

106 1311 224 1383 Vivere,
241 1310 390 1371 1111111111
405 1309 590 1372 sollicitante
599 1322 695 1385 metu,

60 1419 196 1494 Quaeque
210 1433 286 1478 mcae
301 1435 423 1496 semper
436 1419 620 1496 placuerunt
635 1419 697 1480 otia
717 1421 823 1495 menti,

105 1531 249 1608 Carpere,
267 1530 340 1592 etin
356 1529 464 1592 studiis
478 1530 611 1593 molliter
626 1547 695 1592 csse
713 1532 802 1593 meis:

61 1642 99 1700 Et
113 1655 238 1718 parvam
252 1639 408 1701 celebrare
423 1640 559 1711 domum,
571 1650 752 1717 veteresque
762 1641 901 1714 Penates,

107 1746 144 1805 Et
159 1761 230 1822 quae
245 1762 327 1806 nunc
338 1745 463 1807 domino
479 1762 552 1807 rura
566 1755 695 1824 paterna
710 1756 828 1807 carent:

61 1853 159 1929 Inque
173 1851 242 1912 sinu
256 1851 399 1926 dominae,
415 1852 555 1928 carisque
571 1853 748 1929 nepotibus,
770 1853 864 1929 inque

103 1960 237 2020 Securus
252 1959 350 2036 patria
365 1957 566 2019 consenuisse
580 1974 661 2018 mea.

62 2065 135 2125 Haec
149 2079 216 2124 mea
229 2063 273 2125 sic
285 2064 441 2141 quondam
457 2062 562 2142 peragi
582 2073 761 2140 speraverat
775 2074 863 2125 aetas:

106 2170 167 2231 Hos
185 2187 244 2248 ego
255 2170 298 2231 sie
313 2186 411 2230 annos
427 2186 544 2246 ponere
557 2168 670 2248 dignus
687 2185 783 2230 eram.

63 2275 131 2337 Non
145 2278 187 2339 ita
204 2278 254 2339 Dis
269 2277 379 2339 risum:
400 2277 451 2354 qui
466 2294 515 2338 me
529 2289 674 2355 terraque
689 2277 828 2355 marique

106 2383 227 2457 Actum,
246 2382 421 2445 Sarmaticis
437 2398 611 2458 exposuere
626 2381 715 2441 locis.

64 2493 98 2550 ln
120 2509 196 2554 cava
217 2493 373 2552 ducuntur
391 2505 516 2565 quassae
529 2487 647 2548 navalia
661 2505 793 2566 puppes,

105 2601 149 2660 Ne
165 2611 280 2660 temero
294 2599 324 2658 in
343 2597 451 2658 mediis
462 2595 669 2657 destituantur
683 2596 782 2673 aquis.

62 2710 105 2770 Nc
120 2708 220 2779 cadat,
237 2717 268 2768 et
282 2707 392 2767 multas
407 2705 524 2782 palmas
539 2704 714 2766 inhonestet
728 2706 868 2784 adeptas,

107 2813 280 2892 Languidus
296 2813 326 2873 in
345 2812 440 2891 pratis
455 2811 594 2890 gramina
608 2811 708 2890 carpit
722 2829 831 2889 equus.

64 2923 161 2994 Miles,
176 2934 210 2984 ut
228 2922 363 2984 emeritis
377 2932 499 2988 nonest
519 2921 592 2983 satis
607 2921 689 2982 utilis
709 2922 810 2993 annis,

107 3030 195 3091 Ponit
213 3033 252 3092 ad
266 3031 421 3108 antiquos,
444 3047 513 3108 quae
528 3029 597 3091 tulit
612 3046 709 3102 arma,
726 3030 820 3091 iares.

65 3137 115 3197 Sic
130 3135 222 3214 igitur
237 3137 323 3197 tarda
337 3135 417 3196 vires
433 3135 590 3196 minuente
606 3144 747 3206 senecta,

107 3245 154 3304 111
164 3261 287 3321 quoque
302 3245 408 3304 donari
420 3244 485 3319 jam
500 3245 588 3315 rude,
607 3254 729 3319 tempus
746 3253 824 3303 crat.

67 3354 199 3428 Tempus
215 3361 291 3422 erat,
307 3366 365 3409 nec
383 3366 431 3409 me
446 3348 644 3426 peregrinum
660 3349 774 3409 ducere
790 3350 916 3421 coelum,

33 3477 37 3484 ·
111 3461 171 3520 Nec
186 3459 299 3520 siccam
314 3457 418 3518 Getico
433 3457 519 3517 fonte
529 3457 632 3517 levare
652 3456 744 3517 sitim:

68 3569 130 3629 Sed
147 3568 252 3637 modo,
273 3581 352 3641 quos
367 3563 471 3634 habui,
488 3579 617 3624 vacuum
633 3564 778 3623 secedere
793 3564 824 3622 in
840 3566 959 3625 hortos:

114 3675 200 3738 Nunc
214 3673 372 3734 hominum
389 3673 457 3733 visu
473 3689 586 3734 rursus
603 3682 634 3733 ct
655 3673 732 3732 urbe
750 3671 821 3732 frui.

926 3764 971 3830 12
