2932 5002
685 339 806 401 ...6ss-

268 473 324 532 Per
340 489 402 532 non
419 482 550 533 tentatas
565 473 662 551 prima
678 473 816 534 cucurrit
830 488 936 550 aquas,

223 578 317 656 Impia
332 578 490 639 desertum
505 577 627 656 fugiens
641 579 746 639 Medea
762 590 933 656 parentem,

264 685 382 746 Dicitur
396 685 443 746 his
459 703 562 747 remos
576 685 762 764 applicuisse
777 687 873 746 vadis.

222 792 318 862 Quem
333 793 443 870 procul
461 801 495 853 ut
509 791 583 853 vidit
598 793 716 853 tumulo
731 793 908 870 speculator
920 794 959 853 ab
974 794 1049 866 alto,

266 900 395 978 Hospes,
408 899 461 973 ait,
478 918 587 974 nosco,
605 900 760 974 Colchide,
776 901 855 973 vela,
879 900 973 962 uenit:

220 1007 298 1066 llum
315 1004 471 1084 trepidant
485 1005 604 1084 llinyae,
620 1007 695 1067 dum
714 1006 843 1068 solvitur
855 1023 969 1086 aggere
988 1007 1083 1080 lunis,

262 1115 339 1173 Dum
354 1113 492 1190 sequitur
508 1113 625 1173 celeres
639 1114 775 1173 anchora
789 1123 886 1174 tracta
900 1131 1021 1186 manus,

221 1218 349 1280 Conscia
363 1218 517 1297 percussit
530 1217 711 1279 meritorum
726 1206 854 1296 pectora
867 1218 999 1291 Colchis,

263 1328 344 1388 Ausa
358 1339 449 1404 atque
464 1344 576 1387 ausura
591 1327 686 1387 multa
701 1326 832 1388 nefanda
847 1343 949 1388 manu.

222 1435 268 1507 Et,
285 1451 469 1511 quamquam
484 1445 626 1512 superest
639 1433 748 1512 ingens
766 1434 893 1495 audacia
907 1434 1013 1508 menti,

265 1542 365 1601 Pallor
378 1540 409 1600 in
424 1539 562 1602 adtonito
583 1539 708 1620 virginis
723 1557 778 1601 ore
793 1542 893 1602 sedet.

224 1650 304 1726 Ergo
319 1647 371 1709 ubi
385 1646 546 1726 prospexit
559 1646 710 1709 venientia
726 1647 803 1720 vela,
823 1649 987 1720 Tenemur,

265 1757 303 1818 Et
317 1766 405 1834 pater
419 1766 467 1817 est
480 1755 581 1833 aliqua
595 1756 703 1816 fraude
717 1756 896 1828 morandus,
912 1756 964 1817 ait.

227 1865 303 1924 Dum
319 1862 392 1940 quid
407 1874 478 1941 agat
491 1861 612 1940 quaerit,
629 1863 702 1924 dum
717 1872 819 1924 versat
833 1861 863 1921 in
879 1861 980 1924 omnia
995 1863 1107 1936 vultus,

269 1972 314 2032 dd
324 1971 451 2032 fratrem
467 1987 541 2032 casu
556 1970 671 2031 lumina
685 1971 764 2031 flexa
779 1969 857 2031 tulit.

225 2078 317 2156 Cujus
327 2090 362 2140 ut
376 2079 477 2141 oblata
490 2089 538 2139 est
549 2077 725 2156 praesentia,
742 2077 907 2150 Vincimus,
924 2077 1032 2154 inquit:

267 2187 321 2248 llic
336 2186 408 2248 mihi
422 2198 522 2249 morte
536 2203 592 2248 sua
606 2203 699 2248 causa
714 2186 820 2247 salutis
834 2186 903 2246 erit.

226 2292 368 2354 Protinus
379 2291 477 2372 ignari
496 2291 735 2369 necquidquam
753 2292 814 2352 tale
828 2291 961 2353 timentis

269 2401 440 2461 lnnocuum
459 2397 559 2476 rigido
576 2398 714 2475 perforat
728 2413 802 2458 ense
816 2397 907 2469 latus;

228 2506 325 2583 Atque
341 2504 382 2566 ita
397 2503 522 2577 divellit,
544 2502 723 2581 divulsaque
737 2505 873 2565 membra
883 2521 939 2581 per
953 2521 1044 2582 agros

275 2613 419 2691 Dissipat,
438 2612 469 2672 in
484 2611 588 2674 multis
602 2611 782 2674 iuveuienda
796 2612 883 2673 locis.
910 2625 911 2628 ’

227 2723 291 2782 Neu
311 2731 399 2799 pater
413 2716 545 2799 ignoret,
561 2722 690 2800 scopulo
705 2719 851 2798 proponit
864 2719 895 2778 in
913 2723 976 2782 alto

269 2829 482 2907 Pallentesque
504 2846 625 2903 manus,
642 2827 905 2907 sanguineumque
919 2841 1021 2909 capum

229 2936 267 2996 Ut
283 2933 405 3013 genitor
419 2937 567 3014 luctuque
581 2952 662 2995 novo
677 2934 826 3008 tardetur,
844 2945 876 2996 et
888 2945 974 2996 artus

272 3042 350 3102 Dum
365 3041 439 3122 legit
453 3042 635 3114 exstinctos,
652 3039 739 3102 triste
753 3051 891 3102 moretur
904 3041 972 3104 iter.

231 3150 304 3212 lude
317 3149 419 3212 Tomis
437 3149 537 3212 dictus
551 3150 639 3210 locus
653 3147 714 3222 liic,
730 3148 802 3227 quia
815 3150 912 3211 fertur
924 3150 955 3210 in
969 3150 1022 3212 illo

276 3258 414 3318 llembra
430 3273 521 3316 soror
535 3254 637 3316 fratris
660 3255 857 3318 consecuisse
877 3255 936 3320 sui.

586 3480 768 3537 ELEGM
780 3480 830 3535 X·

233 3692 262 3752 Si
279 3691 347 3769 quis
369 3692 469 3754 adhuc
485 3692 552 3755 istic
568 3692 705 3754 meminit
718 3691 847 3754 Nasonis
861 3690 1004 3771 adempti,
