2932 5002
714 329 834 388 ..182

258 458 389 537 Spiritus
403 471 433 521 et
448 475 559 521 vacuas
574 460 659 537 prius
675 460 723 521 hic
739 461 912 521 tenuandus
927 459 1062 518 inauras

299 565 367 638 Ibit,
384 577 415 627 ct
429 566 459 625 in
477 566 580 644 tepido
595 567 717 626 deseret
732 583 803 626 ossa
818 583 907 642 rogo,

254 675 349 743 Qumn
364 673 494 732 subeant
508 672 609 732 animo
624 672 805 732 meritorum
820 671 930 732 oblivia
946 681 1072 742 nostro,

294 779 332 838 Et
345 778 438 854 longa
452 776 550 854 pictas
565 776 685 837 excidat
699 776 760 836 ista
782 776 842 836 die.

260 883 293 942 Di
308 882 362 943 tibi
377 882 438 943 sint
453 883 568 956 faciles,
581 892 612 943 et
627 883 694 960 opis
709 882 823 943 nullius
837 892 979 959 egentem

299 989 464 1049 Fortunam
479 999 627 1065 praestent
642 987 880 1064 dissimilemque
899 1004 986 1047 mccc.

256 1097 286 1158 Si
302 1106 403 1157 lamen
418 1098 485 1158 haec
501 1097 585 1156 navis
600 1108 692 1158 vento
706 1097 840 1156 serretur
854 1096 964 1166 amico,

293 1206 490 1282 ignoraretur
504 1203 633 1263 forsitan
648 1202 705 1264 ista
715 1195 810 1264 tides.

257 1311 373 1370 Thesea
388 1309 539 1370 Pirithous
554 1326 618 1367 non
635 1320 695 1369 tam
711 1307 859 1369 sensisset
878 1308 1021 1379 amicum,

303 1415 334 1475 Si
348 1432 411 1474 non
425 1414 559 1474 inlernas
573 1414 658 1474 uivus
672 1413 787 1474 adisset
805 1429 910 1490 aquas.

255 1523 293 1583 Ut
308 1522 389 1582 soret
404 1521 579 1599 exemplum
593 1520 657 1580 veri
672 1521 821 1580 Plrocaeus
836 1520 960 1591 amoris,

295 1629 446 1689 Fecerunt
460 1627 568 1699 Furio,
587 1627 681 1688 tristis
696 1629 813 1699 Oresta,
833 1638 904 1687 tuae.

258 1736 289 1796 Si
305 1752 367 1795 non
382 1735 531 1812 Euryalus
546 1735 675 1794 Rutulos
690 1733 851 1794 cecidisset
865 1733 895 1791 in
911 1734 1027 1805 hostes,

302 1844 472 1923 Hyrtacidae
486 1842 557 1903 Niso
573 1843 670 1921 gloria
686 1844 769 1903 nulla
789 1842 879 1903 foret.

256 1954 388 2026 Scilicet,
405 1964 439 2012 ut
454 1954 570 2013 fulvum
586 1964 745 2031 spectatur
758 1953 790 2012 in
805 1951 928 2030 ignibus
942 1969 1061 2022 aurum,

308 2061 460 2135 Tempore
475 2059 518 2119 sic
536 2060 614 2119 duro
630 2069 677 2119 est
691 2059 881 2136 inspicienda
895 2060 981 2120 fides.

265 2168 342 2225 llum
354 2165 452 2241 juvat,
470 2175 501 2225 et
516 2165 601 2224 uultu
617 2164 696 2225 ridet
710 2164 832 2225 fortuna
848 2181 969 2237 screno,

303 2273 489 2334 indelibatas
504 2284 617 2334 cuncta
631 2284 804 2351 sequuntur
818 2289 904 2350 opes:

261 2389 299 2448 At
314 2388 404 2448 simul
419 2386 564 2460 intonuit,
581 2385 713 2464 lugiunt,
731 2403 790 2446 nec
807 2385 945 2446 noscitur
959 2385 1024 2459 ulli,

305 2493 485 2573 Agminibus
500 2493 647 2554 comitum
664 2492 716 2570 qui
731 2494 825 2554 modo
840 2492 959 2553 cinctus
974 2502 1049 2553 erat.

262 2604 361 2679 Atque
375 2604 443 2662 hacc
458 2602 607 2678 exemplis
623 2602 780 2677 quondam
795 2602 925 2662 collecta
940 2600 1088 2678 priorum,

304 2709 391 2768 Nunc
407 2708 479 2768 milri
496 2718 569 2767 sunt
583 2706 700 2784 propiis
716 2706 924 2783 cognitatem
938 2709 1035 2769 malis.

264 2816 320 2875 Vix
335 2815 397 2875 duo
413 2824 513 2873 tresve
529 2812 600 2872 mihi
617 2813 655 2873 de
670 2821 716 2873 tot
731 2811 901 2889 superestis
915 2813 1013 2874 amici.

297 2923 415 2982 Caetora
431 2919 574 2993 fortunae,
591 2938 653 2982 non
669 2936 747 2993 mea,
764 2921 857 2982 turba
872 2920 937 2981 luit.

255 3029 319 3099 Quo
336 3025 443 3104 magis,
461 3045 480 3087 o
497 3026 598 3104 pauci,
615 3028 710 3087 rebus
727 3027 901 3088 succurrite
915 3027 1008 3100 laesis,

301 3136 339 3195 Et
353 3135 426 3195 date
442 3132 603 3210 naufragio
618 3133 708 3194 litora
726 3144 791 3194 tuta
805 3151 885 3195 mco:

257 3241 338 3300 Neve
355 3251 438 3302 metu
454 3240 532 3300 falso
548 3239 676 3300 nimium
692 3240 856 3318 trepidate,
876 3240 1029 3314 timentes,

300 3349 362 3408 Hac
379 3348 553 3408 offendatur
568 3363 607 3406 no
624 3347 737 3425 pietate
752 3349 839 3408 deus.

257 3456 343 3530 Saepe
359 3454 450 3513 fidem
465 3453 602 3514 advorsis
618 3453 710 3513 etiam
725 3453 858 3514 laudavit
879 3454 909 3512 in
924 3453 1027 3525 armis3

297 3564 391 3636 inquo
406 3562 468 3621 suis
482 3573 564 3623 amat
580 3564 660 3622 harre
676 3562 789 3635 Caesar,
820 3561 851 3621 in
866 3563 954 3622 hoste
969 3561 1093 3639 probat.

258 3671 352 3730 Carisa
368 3686 435 3728 moa
451 3681 498 3730 cst
513 3671 632 3744 melior,
652 3671 703 3748 qui
719 3690 780 3732 non
798 3672 952 3733 contraria
967 3670 1028 3730 lovi
