2932 5002
527 393 648 451 45„

112 528 235 602 Horam,
252 528 420 607 propositae
436 543 504 604 quae
519 528 598 587 foret
612 537 682 605 apta
690 526 770 599 viae!

71 641 130 698 Ter
144 639 236 697 limen
251 637 347 714 tetigi;
364 647 410 696 ter
425 652 493 695 sum
508 645 680 707 revocatus
697 645 728 694 et
742 634 807 711 ipse

112 744 279 821 Indulgens
290 742 392 803 animo
407 759 463 818 pes
479 741 551 800 mibi
567 742 672 801 tardus
684 751 758 800 erat.

69 854 158 931 Saepe
173 854 238 913 vale
254 852 348 925 dicto,
366 869 474 912 rursus
490 866 558 911 sum
573 850 668 911 multa
683 851 817 921 loeutus,

112 963 148 1023 Et
165 961 251 1038 quasi
267 960 428 1021 discedens
443 960 546 1020 oscula
561 974 679 1018 summa
694 958 774 1019 dedi.

69 1070 159 1144 Saepe
173 1069 280 1127 eadem
296 1067 437 1127 mandata
452 1065 533 1127 dedi:
550 1081 661 1141 meque
676 1063 741 1142 ipse
756 1064 858 1136 fefelli,

111 1173 292 1251 Respiciens
307 1172 405 1233 oculis
420 1172 551 1248 pignora
566 1188 637 1232 cara
651 1171 737 1231 meis.

69 1283 214 1359 benique,
231 1282 307 1353 Quid
323 1281 473 1359 propero?
486 1280 608 1358 Scythia
622 1289 669 1340 est
683 1297 744 1357 quo
759 1280 917 1354 mittimur,
933 1280 1069 1358 inquam:

112 1389 208 1449 Roma
223 1387 426 1464 relinquenda
440 1395 498 1447 est:
515 1396 646 1462 utraque
658 1387 742 1464 justa
757 1402 842 1447 mora
856 1397 914 1446 est.

67 1496 149 1554 Uxor
164 1494 196 1552 in
210 1504 364 1555 aeteruum
379 1494 447 1554 vivo
463 1493 536 1554 mihi
549 1493 615 1553 viva
629 1504 770 1570 negatur:

110 1602 147 1661 Et
161 1603 284 1674 domus,
300 1611 331 1661 ot
346 1601 415 1661 fidae
432 1600 532 1661 dulcia
547 1602 684 1661 membra
699 1601 820 1672 domus·;

67 1707 212 1783 Quosque
227 1725 285 1785 ego
301 1707 392 1767 dilexi
407 1707 544 1766 fraterno
559 1720 646 1767 more
661 1708 792 1779 sodales,

111 1817 133 1874 0
148 1816 221 1876 mihi
235 1815 353 1877 Thesea
366 1827 494 1894 pectora
505 1818 613 1893 J'uucta
627 1816 697 1876 fide!

67 1926 145 1986 Dum
161 1925 244 1997 licet,
262 1926 442 2002 amplectar:
458 1942 616 2003 nunquam
630 1925 760 1985 fortasse
774 1926 876 1986 licebit

113 2031 262 2109 Amplius3
280 2031 312 2089 in
326 2032 427 2105 lucro,
445 2048 515 2108 quae
533 2033 634 2105 datur,
650 2033 726 2092 hora
741 2033 824 2093 mihi.

71 2139 134 2197 Nec
151 2152 249 2209 mora;
269 2138 419 2199 sermonis
433 2138 526 2198 verba
539 2137 716 2215 imperfecta
731 2137 881 2215 relinquo,

112 2243 312 2320 amplectens
327 2244 429 2304 animo
444 2243 584 2321 proxima
599 2259 729 2321 quaeque
743 2260 823 2305 meo.

69 2352 148 2411 Dum
162 2352 287 2428 loquor,
304 2361 335 2412 et
349 2353 469 2424 flemus,
488 2353 569 2413 coelo
584 2332 784 2413 nitidissimus
798 2353 871 2424 alto,

107 2458 201 2518 Stella
217 2457 318 2535 gravis
333 2457 435 2530 nobis,
452 2458 572 2518 Lucifer
587 2470 674 2519 ortus
689 2469 764 2518 erat.

68 2562 192 2624 lliridor
208 2565 290 2623 haud
305 2563 404 2635 aliter,
422 2580 512 2638 quam
527 2563 553 2622 si
566 2581 634 2624 mea
649 2565 785 2623 membra
800 2564 983 2640 relinquam:

112 2673 149 2730 Et
165 2686 237 2747 pars
253 2671 394 2747 abrumpi
409 2687 541 2747 corpore
555 2670 618 2730 visa
633 2688 689 2731 suo
705 2681 762 2731 est.

68 2779 116 2839 Sic
130 2778 240 2839 bletius
256 2778 365 2852 doluit,
380 2790 453 2839 tunc
468 2796 539 2839 cum
553 2779 585 2838 in
600 2779 757 2841 contraria
770 2797 877 2842 versos

104 2890 227 2949 Ultores
243 2887 352 2948 habuit
366 2887 550 2966 proditionis
565 2905 673 2964 equos.

65 2998 143 3056 Tum
157 2995 233 3058 verb
249 2996 391 3058 exoritur
406 2996 523 3057 clamor
537 2996 731 3073 gemitusque
745 3014 895 3071 meorum,

108 3106 145 3164 Et
161 3105 277 3166 feriunt
293 3114 414 3165 moestae
428 3115 556 3182 pectora
570 3105 653 3164 nuda
666 3121 785 3166 manus.

64 3215 143 3275 Tum
159 3214 233 3276 verb
250 3217 367 3293 conjux
382 3216 517 3276 humeris
532 3216 672 3277 abeuntis
686 3217 841 3278 inhaerens

104 3322 229 3382 Miscuit
243 3324 311 3383 haec
326 3323 463 3385 lacrimis
479 3325 576 3386 tristia
592 3326 674 3385 dicta
690 3324 765 3386 suis:

63 3429 133 3488 Nou
148 3439 240 3505 potes
255 3429 355 3489 avellit
372 3429 462 3489 simul
477 3430 526 3488 ah!
545 3431 633 3491 simul
649 3431 770 3504 ibimus,
787 3432 895 3508 inquit:

106 3537 147 3595 Tc
163 3552 289 3612 sequar,
306 3547 337 3596 et
352 3537 470 3611 conjux
485 3536 602 3596 exsulis
617 3539 704 3597 exsul
719 3555 785 3598 ero.

63 3643 104 3701 Et
120 3642 192 3702 mibi
211 3643 290 3703 facta
305 3642 351 3702 ria
367 3652 425 3702 est:
443 3654 474 3703 ct
489 3659 538 3702 me
553 3642 635 3720 capit
649 3643 754 3705 ultima
769 3646 871 3706 tellus:

116 3751 267 3812 decedam
283 3750 423 3830 profuga
439 3751 558 3813 sarcina
572 3768 666 3830 parva
681 3752 748 3835 rati.
