2932 5002
698 383 841 441 —mu-

258 521 417 596 Quumque
431 519 486 578 viri
501 534 574 578 casu
588 517 689 596 possis
703 519 875 581 miseranda
889 520 994 595 videri,

298 633 437 693 Invenies
452 631 579 708 aliquas,
597 646 677 707 quae,
701 631 784 708 quod
796 647 841 704 es,
858 648 925 692 esse
939 632 1043 704 relint3

259 744 333 813 Quae
349 752 391 815 te,
408 752 585 802 nostrorum
600 756 694 817 quum
709 740 750 801 sis
767 741 895 818 inparte
910 742 1073 816 malorum,

300 847 431 908 Felicem
445 848 560 920 dicant,
577 844 783 922 invidiamque
798 846 864 907 tibi.

260 953 328 1013 Non
343 969 401 1030 ege
419 951 537 1014 divitias
552 951 653 1012 dando
667 949 720 1013 tibi
734 952 823 1029 plura
841 951 1006 1014 dedissem:

303 1058 349 1118 Nil
366 1058 444 1119 feret
458 1058 497 1119 ud
516 1073 621 1119 manes
636 1055 734 1118 diuitis
749 1058 858 1118 umbra
879 1076 965 1119 suos.

262 1165 406 1241 Perpetui
426 1164 559 1226 iructum
581 1163 691 1224 donavi
706 1162 847 1235 numinis3
864 1163 968 1240 idque,

310 1274 463 1346 Quodam
476 1273 519 1332 nii
534 1272 620 1350 potui
634 1288 760 1333 munere
775 1273 885 1348 majus,
902 1272 1007 1333 habes.

264 1383 361 1455 Adde,
379 1378 473 1457 quod,
490 1387 524 1438 ut
538 1394 642 1438 rernm
657 1378 722 1437 scia
735 1394 768 1437 es
782 1378 875 1437 tutela
890 1393 1040 1451 mearum,

308 1491 353 1550 ud
367 1499 398 1550 te
412 1505 475 1548 nnn
489 1485 575 1564 purvi
590 1485 671 1546 venit
692 1485 818 1546 honoris
834 1502 924 1546 unus:

268 1600 355 1671 Quod
369 1612 525 1673 nunquam
538 1612 598 1654 vox
613 1604 660 1655 est
673 1595 711 1655 de
727 1606 757 1656 te
774 1611 842 1655 mea
857 1605 951 1667 mutu,
969 1595 1074 1672 tuique

310 1706 434 1768 Iudiciis
449 1706 543 1767 debes
558 1721 626 1765 esse
644 1696 777 1780 superba
792 1703 859 1763 viri.

269 1816 355 1886 Quae,
374 1829 413 1873 ne
427 1811 495 1889 quis
509 1810 606 1888 possit
621 1809 780 1870 temeraria
795 1809 908 1882 dicere,
925 1822 1050 1886 praesm:

313 1921 350 1980 Et
366 1918 480 1997 pariter
494 1934 581 1978 servu
594 1933 715 1993 meque,
732 1915 874 1992 piamque
888 1915 991 1974 iidem.

272 2027 347 2085 Nam
361 2036 424 2097 tua,
438 2025 511 2085 dum
526 2022 675 2095 stetimus,
691 2020 772 2098 turpi
787 2020 852 2081 sinc
866 2019 993 2081 crimine
1006 2022 1126 2095 mansit,

316 2133 354 2192 Et
367 2122 488 2193 la'udem
502 2129 640 2208 probitas
656 2129 870 2206 irreprehensa
885 2126 963 2188 tulit.

278 2232 336 2298 Par
351 2233 456 2298 eadem
471 2248 577 2297 nostra
593 2247 675 2296 nunc
690 2246 737 2296 est
753 2235 805 2296 tibi
823 2235 902 2297 fucta
922 2237 1021 2297 ruina:

317 2345 506 2423 Conspicum
520 2343 617 2403 virtus
635 2343 683 2402 hic
698 2354 750 2402 tun
765 2354 860 2419 ponat
872 2360 960 2420 opus.

278 2452 352 2511 Esse
366 2453 480 2510 bonam
494 2448 581 2507 facile
597 2457 654 2518 est,
670 2446 734 2518 ubi,
751 2446 834 2522 qued
848 2457 930 2506 vetet
943 2458 1177 2520 cssc,rem0tum
1192 2459 1251 2520 est,

317 2558 354 2617 Et
368 2554 443 2614 nihil
462 2552 564 2613 nificin
584 2562 680 2628 nupta
695 2552 778 2626 quod
794 2553 897 2611 obstet
912 2553 1019 2613 habet.

275 2659 376 2733 Quum
391 2661 471 2718 Deus
485 2656 627 2729 intonuit,
648 2673 710 2716 non
731 2673 764 2717 se
779 2657 952 2718 subducere
966 2658 1082 2731 nimbo,

320 2767 354 2826 ld
369 2766 492 2826 demum
506 2762 613 2840 pietas,
630 2762 661 2822 id
677 2762 797 2822 socialis
812 2778 910 2822 amor.

278 2875 358 2934 Rura
371 2870 493 2948 quidem
506 2868 613 2943 virtus,
630 2884 721 2945 quum
740 2886 803 2928 nou
817 2868 940 2930 fortuna
958 2872 1122 2949 gubernet,

320 2981 394 3052 Qnae
409 2989 528 3040 maneat
544 2979 655 3053 stabili,
675 2995 770 3055 quum
783 2977 860 3057 sugit
874 2979 936 3054 illa,
952 2982 1043 3058 pede:

278 3091 310 3151 Si
324 3106 383 3166 qun
398 3099 500 3149 tamen
515 3088 604 3165 pretii
614 3088 671 3151 sibi
689 3106 807 3149 merces
819 3089 885 3168 ipsa
900 3089 998 3166 petiti,

320 3199 415 3274 Inque
437 3214 546 3274 purum
560 3196 638 3257 laetis
653 3199 748 3257 ardua
764 3198 857 3258 rebus
872 3200 970 3268 adesi3

278 3304 319 3365 Ut
331 3316 451 3382 tempus
466 3320 620 3375 numeres,
636 3321 693 3380 per
707 3304 820 3363 saecuin
831 3304 913 3362 nulla
936 3313 1066 3377 tacetur,

320 3414 358 3473 Et
371 3414 440 3472 luca
459 3412 620 3483 mirantur,
646 3427 705 3485 qun
717 3422 801 3487 patet
817 3411 900 3471 orbis
921 3411 989 3473 iter.

276 3518 430 3596 Adspicis,
451 3528 485 3578 ui
499 3519 592 3595 longe
608 3528 729 3578 maneat
743 3518 904 3578 laudabilis
920 3536 997 3590 aevn,

322 3629 441 3687 Numen
452 3627 681 3698 inexstinctum,
698 3629 880 3704 Penelopaea
895 3629 984 3687 fides?

278 3733 398 3807 Cernis,
415 3744 449 3794 ut
463 3735 580 3795 Admeti
600 3744 753 3806 cantetur,
771 3733 909 3794 Hectoris
925 3751 1018 3809 uxor,

1112 3824 1158 3891 16
