2932 5002
707 349 828 405 ...¹10-

292 479 432 548 Turicum
449 477 538 538 hesic
552 493 654 553 mcum
669 493 758 554 paene
771 485 932 554 premente
951 478 1043 538 latus.

252 584 349 660 thue
364 582 403 645 sil
416 583 561 660 exiguum
576 599 691 661 poenae,
708 585 791 661 quod
810 584 944 661 conjuge
960 601 1047 656 cara,

291 690 378 761 Quod
391 688 488 767 patria
503 706 606 761 careo,
623 688 867 767 pignoribusque
881 689 974 761 meis;

253 797 292 856 Ul
305 797 384 856 mala
397 796 481 856 nulla
494 795 603 867 feram,
620 794 677 856 nisi
695 796 808 857 nudam
823 795 951 855 Caesaris
966 795 1060 868 iram;

293 902 378 962 Nuda
391 918 501 978 parum
515 900 604 961 nobis
620 899 748 961 Caesaris
764 900 809 961 ira
824 901 894 961 mali
909 901 974 962 est?

252 1011 288 1070 m
302 1018 404 1069 tamen
417 1019 465 1069 est
478 1006 598 1084 aliquis,
614 1007 666 1083 qni
682 1008 806 1068 vulnere
821 1009 917 1069 cruda
931 1017 1090 1079 retractet,

294 1114 396 1175 Solvat
410 1124 441 1174 et
455 1113 485 1173 in
500 1131 603 1174 mores
617 1130 671 1174 ora
686 1113 799 1175 diserta
814 1131 911 1174 meos.

254 1223 285 1280 ln
301 1237 392 1282 cansa
407 1220 486 1280 facili
501 1220 597 1281 cuivis
610 1221 683 1282 licet
698 1238 766 1282 esse
781 1220 912 1292 diserto,

294 1332 330 1390 m
344 1329 476 1390 minimae
491 1329 570 1390 vires
584 1331 726 1407 frangere
741 1346 854 1406 quassa
868 1331 984 1392 nalem.

253 1438 406 1497 Subruere
421 1447 468 1498 est
481 1454 568 1497 arces
582 1448 614 1497 ct
627 1436 738 1497 stantia
753 1435 865 1497 muenia
879 1437 991 1498 virtus:

294 1544 464 1616 Quamlibet
478 1543 576 1622 ignavi
591 1543 783 1622 praecipitata
797 1554 955 1621 premunt.

253 1651 319 1711 Non
334 1668 402 1711 sum
416 1668 473 1730 ego
488 1651 571 1727 quod
585 1651 713 1711 fueram.
726 1650 801 1722 Quid
815 1650 937 1712 inanem
951 1652 1083 1729 proteris
1098 1654 1241 1714 umbram
1255 1656 1272 1713 2

296 1757 372 1829 Quid
387 1756 523 1818 cinerem
537 1755 619 1818 saxis
633 1757 786 1833 bustaque
801 1766 906 1816 nestra
920 1756 1051 1834 premisl

257 1866 373 1926 lleetcr
390 1875 456 1925 erat
469 1876 544 1926 tunc
560 1882 654 1942 quum
668 1865 751 1925 belle
765 1864 914 1936 certabam
932 1874 963 1924 at
977 1862 1060 1924 idem

298 1973 425 2032 Tractus
440 1972 479 2031 ad
493 1969 666 2032 Haemonios
682 1988 744 2031 nen
759 1981 825 2031 erut
839 1971 953 2031 Hector
967 1987 1075 2047 equos

259 2080 306 2139 lle
320 2097 454 2156 queque,
471 2096 562 2156 quem
577 2096 669 2139 noras
684 2078 769 2151 elim,
789 2097 851 2140 non
867 2097 935 2140 esse
950 2089 1121 2140 memento.

299 2185 345 2243 Ex
359 2183 412 2242 illo
428 2194 576 2260 superant
590 2184 658 2242 haec
673 2183 836 2243 simulacra
850 2184 924 2243 nire.

262 2289 338 2360 Quid
353 2289 526 2361 simulacra,
543 2288 641 2360 ferox,
658 2285 747 2348 dictis
762 2286 889 2347 incessis
903 2288 1029 2349 amaris?

302 2402 407 2472 Parce,
423 2416 546 2477 precor,
563 2415 670 2459 manes
684 2396 851 2458 sollicitare
865 2414 964 2458 meos.

258 2506 363 2569 Omnia
377 2523 449 2567 vcra
464 2516 538 2583 puna
553 2523 620 2567 mea
636 2502 775 2565 crimina.
792 2503 837 2563 Nil
852 2502 892 2564 sit
905 2503 937 2563 in
952 2504 1012 2565 illis

298 2615 384 2686 Quod
398 2612 494 2692 magis
509 2631 647 2674 errorem
663 2630 755 2689 quam
771 2613 873 2673 scelus
889 2628 957 2672 esse
972 2623 1073 2689 pules.

256 2719 418 2780 Pcndimus
432 2736 471 2778 en
487 2718 618 2795 profugi,
635 2717 710 2778 salia
725 2727 776 2777 tua
790 2726 929 2795 pectora,
946 2734 1066 2795 peenas,

299 2823 473 2900 Exsilioqne
487 2840 607 2900 graves,
625 2820 784 2898 exsiliique
799 2823 881 2883 leco.

258 2930 395 2996 Carnifici
410 2931 533 2992 fortuna
547 2939 652 3008 potest
666 2946 734 2990 mea
748 2930 850 2991 llenda
863 2929 970 2992 videri:

300 3039 341 3097 Te
357 3046 458 3097 lamen
472 3046 520 3097 esi
534 3053 597 3096 uno
608 3035 714 3113 judice
728 3052 829 3096 mersa
843 3052 963 3114 parum.

258 3145 373 3208 Saevior
388 3162 421 3206 es
436 3144 516 3206 tristi
527 3143 677 3216 Busiride;
694 3143 805 3204 saevier
818 3143 871 3204 illo

300 3255 355 3326 Qui
370 3255 481 3316 salsum
496 3255 579 3315 lento
594 3253 707 3315 torruit
721 3254 791 3333 igne
806 3254 928 3315 bovem:

259 3366 375 3443 Quique
388 3365 499 3425 bovem
513 3364 614 3425 Sicula
628 3364 726 3425 fertur
741 3366 873 3426 donasse
888 3374 1029 3441 tyranno,

301 3477 337 3535 El
351 3474 439 3536 dictis
454 3486 536 3536 artes
551 3473 733 3536 conciliasse
748 3492 830 3537 suas.

258 3583 382 3660 Munere
396 3578 427 3638 in
441 3581 512 3653 hoc,
528 3598 593 3656 rex,
611 3591 658 3643 est
672 3598 758 3654 usus,
776 3581 831 3642 sed
845 3579 977 3659 imagine
990 3583 1102 3660 major:

299 3689 359 3749 Nec
373 3689 438 3749 sola
453 3699 499 3751 est
513 3691 615 3769 operis
629 3691 728 3753 forma
742 3691 901 3769 probanda
915 3689 988 3751 mei.
