2932 5002
833 366 952 432 ..50-

424 500 454 564 Si
466 516 522 579 spe
536 498 608 574 sint,
622 509 657 564 ut
669 509 751 574 sunt,
767 500 910 564 inleriora
922 513 985 566 tua.

381 612 447 675 Non
459 613 526 673 hacc
538 610 570 671 in
582 609 708 686 nostris,
721 622 759 674 ut
772 614 939 689 quondam,
956 613 1118 676 scribimus
1131 615 1240 690 horus,

422 722 494 796 Nec,
511 729 669 795 consuete,
684 736 796 794 meum,
811 719 935 794 lectule,
952 739 1068 799 corpus
1081 723 1187 785 habes.

381 831 484 891 lactor
496 827 527 888 in
539 827 688 889 indomito
699 825 832 888 brumali
844 828 913 888 luce
926 827 1094 905 profundo:

423 940 553 1017 Ipsaque
565 934 705 998 caeruleis
718 937 823 997 charta
836 935 944 998 feritur
956 935 1054 1013 aquis.

380 1047 523 1126 Improba
537 1055 654 1124 pugnat
666 1047 783 1122 hyems,
798 1043 1048 1124 indignaturque,
1064 1047 1147 1124 quod
1160 1047 1260 1109 ausim
1276 1108 1280 1114 ,

421 1155 572 1228 Scribere,
587 1171 621 1216 se
632 1154 745 1232 rigidas
758 1152 924 1216 incutiente
938 1155 1046 1216 minas.

379 1240 487 1325 Vincat
500 1264 606 1340 hyems
620 1261 786 1334 hominem3
802 1262 857 1323 sed
871 1262 980 1323 eodem
994 1273 1145 1340 tempore,
1160 1278 1280 1342 quaesc,

421 1372 491 1450 lpse
503 1373 629 1434 modum
642 1381 773 1432 statuam
787 1370 941 1443 carminis,
957 1370 1006 1431 illa
1019 1370 1078 1432 sui.

525 1967 777 2176 LIBER
829 1966 1270 2175 tulllius

686 2395 1110 2432 ῇ-ὔωθῢ--η

713 2746 896 2802 mmmm
919 2746 1081 2803 uuilon.

384 3092 461 3165 Quid
475 3091 549 3152 milri
559 3091 718 3152 vobiscum
732 3101 790 3165 est,
807 3092 1010 3166 insolutum,
1027 3092 1133 3166 libelli,

424 3200 551 3280 Ingenio
565 3199 642 3279 perii
657 3199 709 3278 qui
720 3200 813 3261 miser
827 3200 893 3279 ipse
907 3201 992 3261 meo?

383 3309 442 3371 Cur
455 3309 546 3369 modo
561 3309 718 3370 damnatas
733 3319 853 3387 repeto,
876 3327 944 3370 mea
958 3309 1096 3384 crimina,
1112 3304 1231 3373 uusast

424 3416 470 3477 Au
485 3416 579 3477 semel
590 3427 638 3478 est
651 3433 776 3495 poenam
791 3415 1012 3478 commeruisse
1025 3418 1150 3495 parum?

383 3520 522 3584 Carmina
538 3523 688 3598 iecerunt,
705 3534 740 3585 ut
754 3541 803 3584 me
814 3541 1005 3602 cognoscere
1018 3525 1134 3587 vellent

425 3631 531 3692 Omine
545 3648 608 3693 non
623 3633 723 3696 fausto
738 3632 863 3694 foemina
875 3632 994 3711 virque,
1006 3649 1084 3696 mea.

384 3738 523 3800 Carmina
536 3738 685 3814 lecerunt,
702 3749 737 3801 ut
751 3757 799 3802 me
813 3756 978 3818 moresque
992 3751 1117 3803 notaret
