2932 5002
710 413 834 471 ..90a

608 656 791 714 unum
805 656 855 709 X.

258 847 312 909 llle
327 866 396 927 ego,
414 848 465 926 qui
479 847 600 919 luerim,
618 857 795 907 tenerorum
810 845 897 905 lusor
911 860 1063 919 amorum,

297 954 391 1025 Quem
405 953 494 1031 legis,
511 964 544 1013 ut
559 950 655 1024 noris,
680 949 797 1028 accipe,
820 949 995 1026 posteritas.

254 1060 359 1119 Sulmo
375 1059 447 1118 mihi
462 1057 559 1137 patria
577 1068 635 1129 est,
655 1055 763 1134 gelidis
785 1054 959 1116 uberrimus
975 1058 1080 1129 undis,

298 1164 388 1226 Millia
402 1165 454 1242 qui
469 1164 573 1225 novics
589 1163 681 1226 distat
696 1164 734 1224 ab
750 1164 826 1223 urbe
841 1163 960 1224 decem.

255 1271 358 1334 Editus
372 1271 422 1330 hic
436 1288 494 1349 ego
509 1287 589 1341 sum,
606 1285 739 1340 necnon,
756 1279 791 1329 ut
806 1279 945 1345 tempora
966 1269 1063 1340 noris,

301 1377 398 1448 Quum
413 1375 524 1438 cecidit
538 1375 601 1437 lato
617 1374 725 1434 consul
742 1385 873 1451 uterque
888 1373 966 1451 pari.

260 1484 290 1544 Si
304 1483 377 1559 quid
392 1484 421 1544 id
441 1494 498 1556 est,
516 1500 614 1559 usque
628 1498 645 1542 a
659 1481 782 1560 proavis
797 1493 885 1542 vetus
899 1481 1015 1542 ordinis
1029 1482 1133 1554 herem

298 1591 364 1649 Non
379 1590 471 1650 modo
487 1589 619 1649 fortunae
634 1605 761 1650 munere
778 1588 879 1649 laetus
893 1605 1000 1665 eques.

259 1694 319 1754 Nee
336 1693 430 1772 stirps
444 1693 542 1772 prima
563 1693 616 1754 lui:
635 1693 739 1771 genito
754 1710 823 1753 sum
837 1693 930 1754 lratre
945 1704 1079 1766 creatus,

301 1803 355 1874 Qui
372 1803 469 1864 tribus
483 1814 554 1863 ante
572 1813 682 1880 quater
697 1801 855 1863 mensibus
869 1812 958 1863 ortus
976 1812 1052 1862 erat.

260 1909 378 1970 Lucifer
392 1911 554 1971 amborum
569 1907 720 1970 natalibus
738 1907 833 1970 adluit
847 1907 945 1969 idem:

300 2019 364 2078 Una
378 2018 532 2079 celebrata
547 2028 594 2078 est
608 2034 664 2095 per
678 2018 740 2077 duo
756 2015 816 2077 liba
831 2014 909 2077 dies.

260 2122 330 2183 llaec
346 2134 393 2184 est
407 2124 557 2184 armiferae
573 2123 656 2185 lestis
672 2124 710 2184 de
725 2123 861 2200 quinque
875 2123 1030 2195 lllnervae,

310 2233 384 2304 Quae
402 2232 467 2291 lieri
481 2248 583 2310 pugna
598 2231 695 2309 prima
708 2242 835 2292 cruenta
853 2233 943 2294 solet.

263 2339 405 2400 Protinus
419 2340 590 2400 excolimur
601 2339 709 2412 teneri,
724 2356 860 2416 curaque
870 2341 1018 2417 parentis,

304 2450 385 2509 lmus
400 2450 438 2510 ad
453 2449 589 2527 insignes
606 2448 689 2510 urbis
708 2450 747 2510 ab
762 2461 828 2511 arte
843 2450 939 2511 viros.

262 2559 367 2619 Frater
381 2559 420 2619 ad
438 2558 594 2636 eloquium
610 2558 696 2620 viridi
712 2561 856 2621 tendebat
866 2561 905 2620 ab
918 2576 996 2633 aevo,

305 2665 406 2726 Fortia
421 2666 543 2727 verbosi
559 2677 649 2728 natus
661 2668 700 2727 ad
715 2683 800 2729 arma
815 2666 884 2728 lori.

267 2772 305 2831 At
320 2771 391 2831 mihi
403 2772 467 2848 jam
482 2791 579 2850 puero
594 2773 732 2835 coelestia
747 2789 835 2833 sacra
854 2774 1028 2851 placebant,

309 2880 406 2953 luque
421 2895 510 2939 suum
526 2879 630 2940 furtim
646 2895 732 2939 musa
745 2878 883 2940 trahebat
898 2896 988 2957 opus.

266 2984 353 3061 Saepe
365 2995 452 3062 pater
463 2985 549 3046 dixit:
565 2985 705 3046 Studium
720 2983 794 3062 quid
807 2984 913 3045 inutile
929 2985 1041 3045 tentas?

315 3095 480 3156 lllaeonides
495 3096 595 3155 nullas
606 3094 613 3151 i
617 3111 672 3172 pse
684 3094 808 3172 reliquit
822 3111 908 3172 opes.

265 3203 365 3264 illotus
380 3219 464 3263 eram
476 3201 576 3262 dictis:
593 3211 720 3278 totoque
737 3201 881 3263 Helicone
893 3200 1015 3276 relicto,

308 3308 450 3373 Scribere
464 3308 599 3368 conabar
609 3309 702 3370 uerba
713 3309 814 3369 soluta
825 3307 935 3368 modis.

265 3418 380 3493 Sponte
391 3428 446 3476 sua
461 3431 584 3476 carmen
600 3433 745 3478 numeros
760 3415 902 3479 veniebat
916 3416 955 3477 ad
969 3425 1070 3493 aptos,

313 3524 351 3583 Et
368 3523 452 3599 quod
471 3524 627 3585 tentabam
644 3523 746 3584 dicere
761 3539 868 3583 versus
879 3532 955 3583 erat.

272 3632 392 3691 luterea
407 3631 501 3692 tacito
516 3650 611 3709 passu
627 3633 802 3694 labentibus
814 3630 912 3704 annis,

312 3735 449 3798 Liberior
464 3738 550 3802 lratri
571 3751 696 3820 sumpta
712 3738 846 3821 mihique
860 3750 931 3820 toga
946 3749 1003 3801 est:
