2932 5002
711 385 832 442 -ss-

258 509 295 570 At
309 527 390 570 nuno
407 555 415 581 ‚
431 521 465 571 ut
479 525 614 587 peream,
631 508 775 585 quoniam
789 520 874 571 caret
888 509 939 569 illa
954 509 1084 587 periclo,

299 617 426 678 Dimidia
440 628 524 678 certe
537 627 625 695 parte
639 627 796 695 superstes
810 635 876 678 ero.

257 724 310 783 Hei
325 724 409 783 mihi!
425 741 516 800 quam
530 723 623 784 celeri
636 724 809 784 micuerunt
824 723 928 783 nubila
942 724 1074 785 flamma!

301 833 436 903 Quantus
451 833 489 893 ob
503 832 632 893 aetherio
645 842 791 909 personat
805 848 862 892 axe
876 832 992 910 fragor!

260 940 321 999 Nec
335 939 432 1000 levius
445 940 574 1000 laterum
590 939 701 1000 tabulae
714 939 867 1000 feriuntur
881 941 920 1000 ab
935 938 1037 1009 undis,

302 1047 396 1118 Quam
411 1063 502 1123 grave
515 1046 633 1108 balistae
647 1046 761 1107 moenia
774 1048 877 1124 pulsat
892 1065 982 1107 onus.

261 1154 316 1225 Qui
330 1154 411 1214 venit
425 1154 473 1213 hic
488 1154 610 1226 fluctus,
627 1155 746 1215 fluctus
753 1154 961 1232 supereminet
975 1171 1095 1214 omnes:

303 1258 456 1319 Posterior
471 1276 554 1319 nono
568 1268 627 1330 est,
643 1259 868 1336 undecimoque
883 1259 980 1336 prior.

260 1362 321 1425 Neo
335 1367 431 1426 letum
446 1366 549 1428 timeo:
566 1384 665 1444 genus
679 1378 727 1428 est
740 1368 913 1429 miserabile
928 1368 991 1428 leti.

303 1474 418 1534 Demitc
433 1474 636 1552 naufragium:
652 1491 737 1534 mors
752 1475 824 1534 mihi
839 1492 951 1536 munus
966 1474 1034 1537 crit.

263 1579 316 1638 Est
330 1578 456 1654 aliquid,
472 1580 572 1640 fatove
587 1597 655 1652 suo,
672 1580 792 1640 ferrove
805 1581 966 1643 cadentem

306 1684 339 1742 In
354 1684 442 1744 solita
458 1685 592 1746 moriens
605 1700 722 1762 ponere
737 1703 851 1763 corpus
865 1687 970 1747 humo:

263 1789 315 1849 Est
329 1791 470 1851 mandata
483 1790 546 1850 suis
561 1790 675 1868 aliquid
690 1807 815 1868 sperare
830 1793 983 1868 sepulcra,

308 1897 345 1956 Et
360 1914 422 1955 non
438 1897 591 1972 aequoreis
605 1896 741 1973 piscibus
756 1913 824 1955 esse
839 1896 952 1957 cibum.

264 2003 380 2081 Fingite
394 2020 443 2063 me
458 2005 584 2080 dignum
597 2004 650 2069 tali
664 2021 751 2064 nece:
768 2022 831 2064 non
846 2021 904 2082 ego
919 2005 1004 2065 solus

307 2110 360 2170 Hic
375 2111 481 2184 vehor;
499 2109 666 2172 immeritos
681 2129 738 2172 cur
752 2129 820 2172 mea
834 2128 926 2189 poena
940 2111 1047 2173 trahit?

265 2216 343 2274 Proh
358 2215 472 2293 superi,
489 2215 661 2292 viridesque
674 2217 735 2290 dei,
752 2217 862 2293 quibus
876 2233 1002 2293 aequora
1016 2219 1110 2280 curae!

312 2311 447 2398 Utraque
458 2322 523 2398 jam
537 2334 655 2384 vestras
670 2323 766 2384 sistite
780 2325 871 2383 turba
885 2323 994 2385 minas:

269 2430 426 2507 Quamque
440 2431 524 2492 dedit
537 2431 629 2491 vitam
644 2430 804 2492 mitissima
816 2431 944 2492 Caesaris
958 2431 1014 2502 ira,

309 2538 391 2597 Hunc
406 2537 497 2597 sinite
511 2538 617 2598 infelix
631 2537 663 2600 iu
677 2539 746 2597 loca
756 2539 843 2612 jussa
857 2537 965 2597 seram.

268 2644 308 2716 Si,
326 2662 418 2721 quum
433 2645 602 2705 commerui
616 2660 752 2720 poenam,
769 2661 818 2704 mc
832 2645 969 2719 pendere
982 2643 1085 2715 vultis,

314 2752 406 2830 Culpa
419 2769 488 2815 mea
502 2762 560 2824 est,
576 2751 644 2829 ipso
655 2750 772 2828 judice,
789 2760 888 2811 morte
902 2751 1014 2815 minor.

269 2857 388 2918 Mittere
402 2875 450 2918 me
465 2857 582 2936 Stygias
597 2856 623 2917 si
630 2857 698 2933 jam
711 2857 858 2918 voluisset
872 2857 911 2917 ad
921 2857 1019 2921 undas

311 2966 422 3039 Caesar,
439 2966 470 3026 in
484 2968 545 3028 hoc
558 2976 660 3029 nestra
674 2983 737 3026 non
752 2965 887 3043 eguisset
901 2983 971 3043 ope.

268 3073 321 3132 Est
335 3072 378 3131 illi
392 3071 490 3134 nostri
504 3089 566 3132 non
581 3072 729 3134 invidiosa
743 3072 864 3135 cruoris

310 3179 412 3257 Copia:
430 3180 573 3256 quodque
587 3180 683 3251 dedit,
700 3196 773 3240 cum
787 3180 880 3250 volet,
897 3179 963 3255 ipse
980 3179 1069 3242 feret.

266 3283 326 3344 Vos
340 3285 444 3356 modo,
461 3301 539 3360 quos
551 3295 637 3349 certe
652 3286 738 3345 nullo
750 3294 826 3361 puto
841 3283 970 3344 crimine
984 3286 1090 3357 laesos,
1118 3270 1123 3279 ’

309 3388 450 3448 Contenti
463 3389 590 3460 nostris,
607 3388 649 3461 di,
664 3405 788 3465 precor,
802 3400 870 3451 este
885 3381 982 3453 malis.
1005 3447 1009 3455 ,

272 3495 333 3555 Nec
348 3503 462 3566 tamen,
479 3505 513 3554 ut
528 3495 631 3554 cuncti
647 3495 792 3563 miserum
807 3510 930 3563 servare
943 3495 1053 3569 vetitis,
1137 3544 1140 3549 .
1182 3567 1188 3575 ¹

314 3601 401 3671 Quod
414 3599 516 3678 periit,
533 3602 650 3667 salvum
660 3603 725 3679 jaro
740 3613 833 3679 caput
847 3619 916 3669 esee
930 3613 1043 3681 potest.

272 3711 309 3769 Ut
324 3725 407 3769 mare
422 3708 746 3789 subsidatnentisque
760 3711 931 3779 serentibus
945 3722 1027 3787 utar,
