2932 5002
529 378 629 440 ——9-⁴

106 515 140 573 lli
155 531 289 591 quoquo,
307 514 390 589 quod
406 529 497 572 nemo
512 513 621 585 nescit,
639 527 742 573 amare
757 514 880 573 docent.

66 621 126 680 llos
140 632 174 681 tu
188 621 235 679 vel
250 619 360 696 lugias3
374 620 433 691 vel,
452 619 477 679 si
493 619 565 679 satis
582 618 644 679 oris
660 619 797 691 habebis,

107 725 279 803 OEdipodas
293 724 384 784 faoito
400 725 633 801 Telegonosque
648 740 751 784 voees.

65 832 168 906 Deque
182 831 279 891 tribus
291 847 412 902 moneo,
430 829 455 889 si
471 846 530 905 qua
546 841 592 890 est
608 829 662 889 tibi
678 846 752 889 eura
766 829 915 906 parentis,

107 940 149 998 Ne
159 955 353 1016 quemquam,
371 938 508 1015 quamvis
522 938 588 1016 ipse
603 938 738 1010 docebit,
754 955 848 1006 ames.

66 1047 142 1106 Sunt
156 1063 278 1123 quoque
292 1057 416 1107 mutatae
430 1057 477 1106 tor
492 1047 627 1123 quinque
641 1046 796 1107 volumina
812 1047 931 1117 sonna,

106 1155 207 1232 Nuper
221 1157 259 1217 ab
275 1156 427 1232 exsequiis
442 1157 578 1216 earmina
589 1167 676 1233 rapta
692 1156 782 1217 meis:

67 1260 117 1320 His
131 1263 242 1322 mando
258 1258 353 1334 dieas,
369 1262 449 1322 inter
464 1272 580 1322 mutata
594 1261 705 1322 referri

107 1368 250 1428 Fortunae
265 1370 381 1429 vultum
397 1384 530 1445 corpora
545 1384 637 1444 posse
655 1382 742 1428 meae.

67 1474 201 1551 Namque
216 1491 251 1534 ea
266 1475 420 1536 dissimilis
435 1474 537 1536 subito
552 1486 599 1536 est
614 1475 723 1536 elieeta
740 1475 847 1553 priori:

106 1581 279 1658 Flendaque
294 1599 389 1654 nune,
406 1581 509 1658 aliquo
524 1593 664 1659 tempore
679 1584 750 1644 laeta
764 1583 831 1643 luit.

67 1689 157 1748 Plura
172 1689 294 1766 quidem
309 1691 455 1750 mandare
471 1690 534 1762 tibi,
552 1691 577 1751 si
592 1691 715 1767 qnaeris,
732 1692 893 1761 habebam;

114 1795 173 1854 Sed
188 1811 297 1855 vereor
311 1797 407 1856 tardae
422 1811 513 1856 eausa
527 1795 621 1857 luisse
636 1813 742 1856 morae.
818 1795 821 1798 ⁴

68 1900 154 1967 Quod
169 1899 194 1958 si
209 1916 279 1975 quae
295 1901 437 1972 subeunt,
455 1911 567 1972 tecum,
584 1901 672 1972 liber,
690 1901 790 1960 omnia
805 1901 912 1974 ferres,

113 2004 237 2064 sarcina
252 2006 351 2065 laturo
366 2022 476 2083 magna
491 2007 614 2067 futurus
629 2023 708 2067 eras.

67 2113 171 2188 Longa
185 2112 231 2171 via
244 2123 301 2184 est;
318 2129 462 2190 propera:
481 2113 569 2173 nobis
584 2113 769 2175 habitabitur
786 2114 869 2174 orbis

110 2219 248 2294 Ultimus,
265 2238 281 2280 a
296 2231 378 2282 terra
392 2233 473 2282 terra
488 2233 605 2283 remota
619 2239 696 2284 mea.

399 2437 582 2496 unum
603 2419 660 2496 1'10

68 2643 102 2705 m
118 2647 211 2707 maris
227 2658 258 2706 et
272 2648 343 2707 eoeli
359 2647 442 2723 (quid
456 2648 537 2707 enim
552 2648 610 2707 uisi
624 2659 694 2708 vota
710 2649 897 2725 supersunt‘l)

114 2757 237 2816 Solvere
253 2765 405 2832 quassatae
416 2755 533 2832 parcite
547 2756 683 2816 membra
698 2756 783 2816 ratis:

74 2863 164 2933 Neve,
181 2878 303 2939 precor,
320 2861 422 2939 magni
435 2861 618 2922 subscribite
631 2862 758 2923 Caesaris
772 2862 839 2923 irae:

107 2971 198 3046 Saepe
214 2981 375 3047 premente
390 2970 448 3030 deo
464 2970 523 3030 fert
537 2971 613 3030 deus
628 2971 706 3030 alter
726 2987 829 3048 opem.

66 3077 214 3138 Mulciber
230 3077 262 3136 in
278 3078 416 3153 Trojam,
434 3096 492 3154 pro
506 3080 597 3154 'lroja
610 3081 710 3140 stabat
723 3081 844 3158 Apollo:

109 3186 206 3261 AEqua
220 3186 321 3245 Venus
335 3185 472 3258 Teucris,
489 3187 587 3246 Pallas
600 3185 704 3269 iniqua
718 3187 784 3249 fuit.

69 3293 180 3352 Oderat
193 3293 326 3365 AEnean,
343 3292 474 3371 propior
488 3294 630 3354 Saturnia
643 3269 759 3355 ‘lui-not

113 3396 166 3455 llle
180 3405 282 3455 tamen
297 3398 422 3458 Veneris
436 3399 561 3458 numine
575 3409 660 3459 tutus
675 3408 751 3458 erat.

65 3504 153 3578 Saepe
167 3501 256 3560 soron
270 3511 394 3560 cautum
408 3500 495 3577 petiit
508 3501 666 3579 Neptunus
680 3503 829 3579 Ulyssem:

107 3609 224 3687 Eripuit
239 3619 349 3687 patruo
365 3625 447 3686 saepe
461 3610 594 3672 Minerva
609 3598 676 3672 s'uo.

72 3717 108 3778 Ει
122 3716 210 3778 nobis
226 3716 359 3795 aliquod,
377 3717 512 3794 quamvis
527 3717 674 3782 distamus
691 3721 728 3781 ab
744 3719 814 3793 illis,
