<?xml version="1.0" encoding="UTF-8"?>
<!DOCTYPE html PUBLIC "-//W3C//DTD XHTML 1.0 Transitional//EN"
    "http://www.w3.org/TR/xhtml1/DTD/xhtml1-transitional.dtd">
<html xmlns="http://www.w3.org/1999/xhtml" xml:lang="en" lang="en">
 <head>
  <title>
</title>
<meta http-equiv="Content-Type" content="text/html;charset=utf-8" />
  <meta name='ocr-system' content='tesseract 3.04.00' />
  <meta name='ocr-capabilities' content='ocr_page ocr_carea ocr_par ocr_line ocrx_word'/>
</head>
<body>
  <div class='ocr_page' id='page_1' title='image "./povidiinasonist01ovidgoog_0086.png"; bbox 0 0 2932 5002; ppageno 0'>
   <div class='ocr_carea' id='block_1_1' title="bbox 225 826 924 1068">
    <p class='ocr_par' dir='ltr' id='par_1_1' title="bbox 225 826 924 1068">
     <span class='ocr_line' id='line_1_1' title="bbox 225 826 924 1068; baseline -0.001 -37"><span class='ocrx_word' id='word_1_1' title='bbox 225 828 476 1032; x_wconf 80' lang='lat' dir='ltr'><strong>LIBER</strong></span> <span class='ocrx_word' id='word_1_2' title='bbox 531 826 924 1068; x_wconf 74' lang='lat' dir='ltr'>nulllus,</span> 
     </span>
    </p>
   </div>
   <div class='ocr_carea' id='block_1_2' title="bbox 369 1252 792 1284">
    <p class='ocr_par' dir='ltr' id='par_1_2' title="bbox 369 1252 792 1284">
     <span class='ocr_line' id='line_1_2' title="bbox 369 1252 792 1284; baseline -0.007 -4"><span class='ocrx_word' id='word_1_3' title='bbox 369 1252 792 1284; x_wconf 46' lang='lat' dir='ltr'>ffl—-QOOOQ——u—</span> 
     </span>
    </p>
   </div>
   <div class='ocr_carea' id='block_1_3' title="bbox 469 1550 708 1608">
    <p class='ocr_par' dir='ltr' id='par_1_3' title="bbox 469 1550 708 1608">
     <span class='ocr_line' id='line_1_3' title="bbox 469 1550 708 1608; baseline 0 -3"><span class='ocrx_word' id='word_1_4' title='bbox 469 1550 652 1608; x_wconf 63' lang='lat' dir='ltr'>lemnam</span> <span class='ocrx_word' id='word_1_5' title='bbox 673 1553 708 1607; x_wconf 91' lang='lat'>1.</span> 
     </span>
    </p>
   </div>
   <div class='ocr_carea' id='block_1_4' title="bbox 59 1869 956 2480">
    <p class='ocr_par' dir='ltr' id='par_1_4' title="bbox 59 1869 819 2056">
     <span class='ocr_line' id='line_1_4' title="bbox 59 1869 819 1949; baseline 0 -17"><span class='ocrx_word' id='word_1_6' title='bbox 59 1869 164 1949; x_wconf 80' lang='lat' dir='ltr'>Siqua</span> <span class='ocrx_word' id='word_1_7' title='bbox 178 1872 253 1933; x_wconf 89' lang='lat' dir='ltr'>meis</span> <span class='ocrx_word' id='word_1_8' title='bbox 267 1872 390 1946; x_wconf 80' lang='lat' dir='ltr'>luerint,</span> <span class='ocrx_word' id='word_1_9' title='bbox 407 1883 441 1933; x_wconf 86' lang='lat' dir='ltr'>ut</span> <span class='ocrx_word' id='word_1_10' title='bbox 456 1881 558 1943; x_wconf 89' lang='lat' dir='ltr'>erunt,</span> <span class='ocrx_word' id='word_1_11' title='bbox 575 1871 683 1932; x_wconf 86' lang='lat' dir='ltr'>vitiosa</span> <span class='ocrx_word' id='word_1_12' title='bbox 698 1871 819 1943; x_wconf 81' lang='lat' dir='ltr'><strong>libellis,</strong></span> 
     </span>
     <span class='ocr_line' id='line_1_5' title="bbox 104 1979 722 2056; baseline 0.002 -18"><span class='ocrx_word' id='word_1_13' title='bbox 104 1980 253 2040; x_wconf 80' lang='lat' dir='ltr'>Excusata</span> <span class='ocrx_word' id='word_1_14' title='bbox 267 1996 324 2040; x_wconf 89' lang='lat' dir='ltr'>suo</span> <span class='ocrx_word' id='word_1_15' title='bbox 339 1990 489 2056; x_wconf 86' lang='lat' dir='ltr'>tempore,</span> <span class='ocrx_word' id='word_1_16' title='bbox 506 1980 615 2051; x_wconf 87' lang='lat' dir='ltr'>lector,</span> <span class='ocrx_word' id='word_1_17' title='bbox 632 1979 722 2039; x_wconf 85' lang='lat' dir='ltr'><strong>habe.</strong></span> 
     </span>
    </p>

    <p class='ocr_par' dir='ltr' id='par_1_5' title="bbox 60 2084 903 2268">
     <span class='ocr_line' id='line_1_6' title="bbox 60 2084 903 2163; baseline 0 -19"><span class='ocrx_word' id='word_1_18' title='bbox 60 2084 154 2145; x_wconf 76' lang='lat' dir='ltr'>Exsul</span> <span class='ocrx_word' id='word_1_19' title='bbox 168 2102 262 2159; x_wconf 91' lang='lat' dir='ltr'>eram,</span> <span class='ocrx_word' id='word_1_20' title='bbox 278 2085 462 2163; x_wconf 84' lang='lat' dir='ltr'>requiesque</span> <span class='ocrx_word' id='word_1_21' title='bbox 476 2084 549 2145; x_wconf 89' lang='lat' dir='ltr'>mihi</span> <span class='ocrx_word' id='word_1_22' title='bbox 563 2101 626 2144; x_wconf 87' lang='lat' dir='ltr'>nen</span> <span class='ocrx_word' id='word_1_23' title='bbox 641 2085 721 2146; x_wconf 84' lang='lat' dir='ltr'>fama</span> <span class='ocrx_word' id='word_1_24' title='bbox 736 2085 830 2163; x_wconf 84' lang='lat' dir='ltr'>petita</span> <span class='ocrx_word' id='word_1_25' title='bbox 845 2096 903 2145; x_wconf 83' lang='lat' dir='ltr'>est:</span> 
     </span>
     <span class='ocr_line' id='line_1_7' title="bbox 104 2191 770 2268; baseline 0.003 -18"><span class='ocrx_word' id='word_1_26' title='bbox 104 2191 188 2252; x_wconf 88' lang='lat' dir='ltr'>Mens</span> <span class='ocrx_word' id='word_1_27' title='bbox 202 2191 319 2251; x_wconf 86' lang='lat' dir='ltr'>intenta</span> <span class='ocrx_word' id='word_1_28' title='bbox 333 2191 396 2252; x_wconf 91' lang='lat' dir='ltr'>suis</span> <span class='ocrx_word' id='word_1_29' title='bbox 410 2209 450 2252; x_wconf 93' lang='lat' dir='ltr'>ne</span> <span class='ocrx_word' id='word_1_30' title='bbox 464 2192 545 2253; x_wconf 85' lang='lat' dir='ltr'>foret</span> <span class='ocrx_word' id='word_1_31' title='bbox 559 2208 657 2268; x_wconf 91' lang='lat' dir='ltr'>usque</span> <span class='ocrx_word' id='word_1_32' title='bbox 672 2191 770 2252; x_wconf 89' lang='lat' dir='ltr'>malis.</span> 
     </span>
    </p>

    <p class='ocr_par' dir='ltr' id='par_1_6' title="bbox 60 2296 956 2480">
     <span class='ocr_line' id='line_1_8' title="bbox 60 2296 956 2376; baseline -0.001 -17"><span class='ocrx_word' id='word_1_33' title='bbox 60 2296 124 2359; x_wconf 75' lang='lat' dir='ltr'>Hoc</span> <span class='ocrx_word' id='word_1_34' title='bbox 138 2307 195 2370; x_wconf 89' lang='lat' dir='ltr'>est,</span> <span class='ocrx_word' id='word_1_35' title='bbox 212 2315 269 2358; x_wconf 93' lang='lat' dir='ltr'>cur</span> <span class='ocrx_word' id='word_1_36' title='bbox 284 2309 387 2359; x_wconf 83' lang='lat' dir='ltr'>cantet</span> <span class='ocrx_word' id='word_1_37' title='bbox 401 2299 522 2359; x_wconf 87' lang='lat' dir='ltr'>vinctus</span> <span class='ocrx_word' id='word_1_38' title='bbox 537 2316 662 2375; x_wconf 90' lang='lat' dir='ltr'>quoque</span> <span class='ocrx_word' id='word_1_39' title='bbox 678 2300 828 2376; x_wconf 85' lang='lat' dir='ltr'>compede</span> <span class='ocrx_word' id='word_1_40' title='bbox 843 2298 956 2368; x_wconf 79' lang='lat' dir='ltr'>fossor,</span> 
     </span>
     <span class='ocr_line' id='line_1_9' title="bbox 100 2402 813 2480; baseline -0.003 -18"><span class='ocrx_word' id='word_1_41' title='bbox 100 2402 227 2463; x_wconf 88' lang='lat' dir='ltr'>indocili</span> <span class='ocrx_word' id='word_1_42' title='bbox 242 2419 372 2462; x_wconf 89' lang='lat' dir='ltr'>numero</span> <span class='ocrx_word' id='word_1_43' title='bbox 388 2420 482 2478; x_wconf 90' lang='lat' dir='ltr'>quum</span> <span class='ocrx_word' id='word_1_44' title='bbox 498 2419 590 2477; x_wconf 79' lang='lat' dir='ltr'>graue</span> <span class='ocrx_word' id='word_1_45' title='bbox 605 2402 706 2462; x_wconf 87' lang='lat' dir='ltr'>mollit</span> <span class='ocrx_word' id='word_1_46' title='bbox 721 2419 813 2480; x_wconf 83' lang='lat' dir='ltr'>opus:</span> 
     </span>
    </p>
   </div>
   <div class='ocr_carea' id='block_1_5' title="bbox 56 2505 891 3648">
    <p class='ocr_par' dir='ltr' id='par_1_7' title="bbox 64 2505 891 2690">
     <span class='ocr_line' id='line_1_10' title="bbox 64 2505 750 2583; baseline -0.001 -16"><span class='ocrx_word' id='word_1_47' title='bbox 64 2508 172 2569; x_wconf 83' lang='lat' dir='ltr'>cantet</span> <span class='ocrx_word' id='word_1_48' title='bbox 187 2519 219 2568; x_wconf 84' lang='lat' dir='ltr'>et</span> <span class='ocrx_word' id='word_1_49' title='bbox 233 2507 369 2566; x_wconf 87' lang='lat' dir='ltr'>innitens</span> <span class='ocrx_word' id='word_1_50' title='bbox 383 2505 501 2567; x_wconf 85' lang='lat' dir='ltr'>limosae</span> <span class='ocrx_word' id='word_1_51' title='bbox 515 2522 633 2583; x_wconf 88' lang='lat' dir='ltr'>pronus</span> <span class='ocrx_word' id='word_1_52' title='bbox 648 2522 750 2566; x_wconf 88' lang='lat' dir='ltr'>arenae</span> 
     </span>
     <span class='ocr_line' id='line_1_11' title="bbox 100 2614 891 2690; baseline 0.001 -15"><span class='ocrx_word' id='word_1_53' title='bbox 100 2617 236 2675; x_wconf 79' lang='lat' dir='ltr'>Adverso</span> <span class='ocrx_word' id='word_1_54' title='bbox 250 2616 369 2674; x_wconf 87' lang='lat' dir='ltr'>tardam</span> <span class='ocrx_word' id='word_1_55' title='bbox 383 2615 435 2690; x_wconf 94' lang='lat' dir='ltr'>qui</span> <span class='ocrx_word' id='word_1_56' title='bbox 450 2614 544 2674; x_wconf 88' lang='lat' dir='ltr'>trahit</span> <span class='ocrx_word' id='word_1_57' title='bbox 558 2631 648 2674; x_wconf 89' lang='lat' dir='ltr'>amne</span> <span class='ocrx_word' id='word_1_58' title='bbox 664 2624 773 2676; x_wconf 86' lang='lat' dir='ltr'>ratem:</span> <span class='ocrx_word' id='word_1_59' title='bbox 888 2680 891 2686; x_wconf 66' lang='grc'>,</span> 
     </span>
    </p>

    <p class='ocr_par' dir='ltr' id='par_1_8' title="bbox 57 2720 861 2906">
     <span class='ocr_line' id='line_1_12' title="bbox 57 2720 861 2799; baseline 0 -17"><span class='ocrx_word' id='word_1_60' title='bbox 57 2721 177 2798; x_wconf 76' lang='lat' dir='ltr'>Quique</span> <span class='ocrx_word' id='word_1_61' title='bbox 190 2721 293 2781; x_wconf 83' lang='lat' dir='ltr'>serens</span> <span class='ocrx_word' id='word_1_62' title='bbox 307 2720 424 2798; x_wconf 90' lang='lat' dir='ltr'>pariter</span> <span class='ocrx_word' id='word_1_63' title='bbox 438 2722 539 2782; x_wconf 89' lang='lat' dir='ltr'>lentos</span> <span class='ocrx_word' id='word_1_64' title='bbox 553 2722 591 2783; x_wconf 87' lang='lat' dir='ltr'>ad</span> <span class='ocrx_word' id='word_1_65' title='bbox 605 2732 733 2799; x_wconf 87' lang='lat' dir='ltr'>pectora</span> <span class='ocrx_word' id='word_1_66' title='bbox 748 2739 861 2795; x_wconf 81' lang='lat' dir='ltr'>rennos,</span> 
     </span>
     <span class='ocr_line' id='line_1_13' title="bbox 99 2828 777 2906; baseline 0 -17"><span class='ocrx_word' id='word_1_67' title='bbox 99 2829 133 2889; x_wconf 93' lang='lat' dir='ltr'>ln</span> <span class='ocrx_word' id='word_1_68' title='bbox 148 2846 310 2890; x_wconf 87' lang='lat' dir='ltr'>numerum</span> <span class='ocrx_word' id='word_1_69' title='bbox 327 2829 416 2906; x_wconf 92' lang='lat' dir='ltr'>pulsa</span> <span class='ocrx_word' id='word_1_70' title='bbox 431 2828 556 2890; x_wconf 90' lang='lat' dir='ltr'>brachia</span> <span class='ocrx_word' id='word_1_71' title='bbox 571 2839 673 2889; x_wconf 88' lang='lat' dir='ltr'>versat</span> <span class='ocrx_word' id='word_1_72' title='bbox 687 2845 777 2906; x_wconf 89' lang='lat' dir='ltr'>aqua.</span> 
     </span>
    </p>

    <p class='ocr_par' dir='ltr' id='par_1_9' title="bbox 57 2934 789 3116">
     <span class='ocr_line' id='line_1_14' title="bbox 57 2934 768 3006; baseline 0.003 -13"><span class='ocrx_word' id='word_1_73' title='bbox 57 2934 168 2995; x_wconf 79' lang='lat' dir='ltr'>Fessus</span> <span class='ocrx_word' id='word_1_74' title='bbox 178 2946 213 2995; x_wconf 91' lang='lat' dir='ltr'>ut</span> <span class='ocrx_word' id='word_1_75' title='bbox 225 2934 364 2996; x_wconf 78' lang='lat' dir='ltr'>incubuit</span> <span class='ocrx_word' id='word_1_76' title='bbox 377 2935 501 3006; x_wconf 86' lang='lat' dir='ltr'>baculo,</span> <span class='ocrx_word' id='word_1_77' title='bbox 523 2951 635 2995; x_wconf 76' lang='lat' dir='ltr'>saxove</span> <span class='ocrx_word' id='word_1_78' title='bbox 653 2935 768 2996; x_wconf 82' lang='lat' dir='ltr'>resedit</span> 
     </span>
     <span class='ocr_line' id='line_1_15' title="bbox 101 3041 789 3116; baseline 0 -14"><span class='ocrx_word' id='word_1_79' title='bbox 101 3042 218 3116; x_wconf 82' lang='lat' dir='ltr'>Pastor,</span> <span class='ocrx_word' id='word_1_80' title='bbox 232 3043 404 3105; x_wconf 89' lang='lat' dir='ltr'>arundineo</span> <span class='ocrx_word' id='word_1_81' title='bbox 420 3041 558 3102; x_wconf 81' lang='lat' dir='ltr'>carmine</span> <span class='ocrx_word' id='word_1_82' title='bbox 578 3043 692 3102; x_wconf 88' lang='lat' dir='ltr'>mulcet</span> <span class='ocrx_word' id='word_1_83' title='bbox 706 3059 789 3103; x_wconf 83' lang='lat' dir='ltr'>oves.</span> 
     </span>
    </p>

    <p class='ocr_par' dir='ltr' id='par_1_10' title="bbox 59 3149 847 3332">
     <span class='ocr_line' id='line_1_16' title="bbox 59 3149 847 3228; baseline 0.001 -20"><span class='ocrx_word' id='word_1_84' title='bbox 59 3149 214 3209; x_wconf 80' lang='lat' dir='ltr'>cantantis</span> <span class='ocrx_word' id='word_1_85' title='bbox 229 3149 355 3227; x_wconf 89' lang='lat' dir='ltr'>pariter,</span> <span class='ocrx_word' id='word_1_86' title='bbox 372 3149 489 3228; x_wconf 89' lang='lat' dir='ltr'>pariter</span> <span class='ocrx_word' id='word_1_87' title='bbox 503 3151 572 3210; x_wconf 88' lang='lat' dir='ltr'>data</span> <span class='ocrx_word' id='word_1_88' title='bbox 585 3167 682 3227; x_wconf 91' lang='lat' dir='ltr'>pensa</span> <span class='ocrx_word' id='word_1_89' title='bbox 697 3151 847 3210; x_wconf 87' lang='lat' dir='ltr'>trahentis</span> 
     </span>
     <span class='ocr_line' id='line_1_17' title="bbox 102 3254 713 3332; baseline 0 -19"><span class='ocrx_word' id='word_1_90' title='bbox 102 3254 225 3314; x_wconf 82' lang='lat' dir='ltr'>Fallitur</span> <span class='ocrx_word' id='word_1_91' title='bbox 242 3257 361 3315; x_wconf 75' lang='lat' dir='ltr'>ancillae</span> <span class='ocrx_word' id='word_1_92' title='bbox 376 3254 591 3332; x_wconf 86' lang='lat' dir='ltr'>decipiturque</span> <span class='ocrx_word' id='word_1_93' title='bbox 615 3255 713 3315; x_wconf 84' lang='lat' dir='ltr'>labor.</span> 
     </span>
    </p>

    <p class='ocr_par' dir='ltr' id='par_1_11' title="bbox 56 3360 800 3544">
     <span class='ocr_line' id='line_1_18' title="bbox 56 3360 800 3434; baseline -0.001 -12"><span class='ocrx_word' id='word_1_94' title='bbox 56 3363 165 3422; x_wconf 80' lang='lat' dir='ltr'>Fertur</span> <span class='ocrx_word' id='word_1_95' title='bbox 179 3371 220 3434; x_wconf 89' lang='lat' dir='ltr'>et,</span> <span class='ocrx_word' id='word_1_96' title='bbox 241 3362 373 3420; x_wconf 86' lang='lat' dir='ltr'>abducta</span> <span class='ocrx_word' id='word_1_97' title='bbox 387 3362 534 3432; x_wconf 87' lang='lat' dir='ltr'>Briseide,</span> <span class='ocrx_word' id='word_1_98' title='bbox 555 3360 652 3421; x_wconf 86' lang='lat' dir='ltr'>tristis</span> <span class='ocrx_word' id='word_1_99' title='bbox 668 3360 800 3421; x_wconf 74' lang='lat' dir='ltr'>Achilles</span> 
     </span>
     <span class='ocr_line' id='line_1_19' title="bbox 99 3465 638 3544; baseline -0.002 -17"><span class='ocrx_word' id='word_1_100' title='bbox 99 3465 255 3528; x_wconf 85' lang='lat' dir='ltr'>llaernenia</span> <span class='ocrx_word' id='word_1_101' title='bbox 270 3482 359 3526; x_wconf 91' lang='lat' dir='ltr'>curas</span> <span class='ocrx_word' id='word_1_102' title='bbox 370 3475 547 3526; x_wconf 81' lang='lat' dir='ltr'>attenuasse</span> <span class='ocrx_word' id='word_1_103' title='bbox 562 3466 638 3544; x_wconf 83' lang='lat' dir='ltr'>lyra.</span> 
     </span>
    </p>

    <p class='ocr_par' dir='ltr' id='par_1_12' title="bbox 57 3569 869 3648">
     <span class='ocr_line' id='line_1_20' title="bbox 57 3569 869 3648; baseline 0.002 -16"><span class='ocrx_word' id='word_1_104' title='bbox 57 3574 158 3644; x_wconf 80' lang='lat' dir='ltr'>Quum</span> <span class='ocrx_word' id='word_1_105' title='bbox 175 3570 311 3631; x_wconf 87' lang='lat' dir='ltr'>traheret</span> <span class='ocrx_word' id='word_1_106' title='bbox 331 3569 421 3630; x_wconf 86' lang='lat' dir='ltr'>silvas</span> <span class='ocrx_word' id='word_1_107' title='bbox 436 3571 578 3648; x_wconf 87' lang='lat' dir='ltr'>Orpheus</span> <span class='ocrx_word' id='word_1_108' title='bbox 593 3583 624 3631; x_wconf 86' lang='lat' dir='ltr'>et</span> <span class='ocrx_word' id='word_1_109' title='bbox 639 3573 715 3632; x_wconf 89' lang='lat' dir='ltr'>dura</span> <span class='ocrx_word' id='word_1_110' title='bbox 731 3576 869 3634; x_wconf 85' lang='lat' dir='ltr'>canendo</span> 
     </span>
    </p>
   </div>
   <div class='ocr_carea' id='block_1_6' title="bbox 100 3676 766 3757">
    <p class='ocr_par' dir='ltr' id='par_1_13' title="bbox 100 3676 766 3757">
     <span class='ocr_line' id='line_1_21' title="bbox 100 3676 766 3757; baseline 0.003 -18"><span class='ocrx_word' id='word_1_111' title='bbox 100 3681 189 3753; x_wconf 79' lang='lat' dir='ltr'>Saxa,</span> <span class='ocrx_word' id='word_1_112' title='bbox 205 3676 252 3738; x_wconf 90' lang='lat' dir='ltr'>bis</span> <span class='ocrx_word' id='word_1_113' title='bbox 268 3678 378 3742; x_wconf 89' lang='lat' dir='ltr'>amissa</span> <span class='ocrx_word' id='word_1_114' title='bbox 390 3679 524 3757; x_wconf 79' lang='lat' dir='ltr'>conjuge</span> <span class='ocrx_word' id='word_1_115' title='bbox 540 3690 670 3742; x_wconf 83' lang='lat' dir='ltr'>maestus</span> <span class='ocrx_word' id='word_1_116' title='bbox 690 3691 766 3741; x_wconf 84' lang='lat' dir='ltr'>erat.</span> 
     </span>
    </p>
   </div>
   <div class='ocr_carea' id='block_1_7' title="bbox 0 0 1470 5002">
    <p class='ocr_par' dir='ltr' id='par_1_14' title="bbox 0 0 1470 5002">
     <span class='ocr_line' id='line_1_22' title="bbox 0 0 1470 5002; baseline 0 1"><span class='ocrx_word' id='word_1_117' title='bbox 0 0 1470 5002; x_wconf 95' lang='lat' dir='ltr'> </span> 
     </span>
    </p>
   </div>
  </div>
 </body>
</html>
