2932 5002
762 423 882 482 ..32-

307 553 498 628 iniqueque,
517 568 586 612 curn
604 552 711 629 patria}
727 564 829 612 rector
850 553 952 612 dicare
967 562 1126 630 paterque,

348 660 439 719 Utere
454 676 539 721 more
548 660 595 720 dei
611 677 734 720 nomem
750 661 890 722 habentis
903 662 995 722 idem.

311 764 501 841 idquelacis:
518 781 575 824 nec
591 776 622 825 te
635 765 795 842 quisquarn
815 766 1003 827 moderatius
1018 783 1152 842 unquam

348 874 468 951 imperii
483 875 583 952 potuit
593 874 688 934 lraena
700 885 805 935 tenere
816 876 873 936 sui.

306 985 350 1042 Tu
365 983 483 1042 reniam
498 984 578 1060 parti
589 995 742 1062 superatae
751 1002 834 1062 saepe
849 985 972 1072 dedisti,

350 1092 415 1150 Non
432 1108 639 1153 concessurus
655 1109 747 1169 quam
762 1093 815 1154 tibi
830 1094 928 1154 victor
939 1105 1015 1155 erat.

305 1200 419 1260 Divitiis
434 1201 524 1261 etiam
534 1203 649 1262 multos
658 1212 690 1264 et
699 1200 869 1263 honoribus
880 1214 987 1264 auctos

347 1306 423 1377 Vidi,
441 1307 492 1383 qui
507 1307 641 1367 tulerant
655 1307 686 1366 in
702 1318 794 1385 caput
809 1324 893 1368 arma
909 1319 1008 1369 tuum:

307 1413 441 1488 Quaeque
456 1413 520 1473 dies
531 1412 657 1485 bellum,
670 1412 742 1472 belli
757 1412 810 1473 tibi
826 1413 950 1474 sustulit
960 1414 1052 1476 ira'nt:

348 1519 482 1593 Parsque
497 1519 586 1578 simul
597 1518 719 1596 templis
733 1529 863 1595 utraque
878 1520 958 1580 dona
973 1520 1052 1581 tulit.

308 1626 407 1702 thue
419 1635 489 1686 tuus
499 1627 611 1703 gaudet
626 1626 712 1688 miles
724 1627 808 1704 quod
822 1627 1072 1700 vicentinensem,

349 1731 409 1803 Sic,
424 1731 537 1791 victum
549 1748 605 1791 cur
619 1749 652 1792 se
669 1732 811 1809 gaudeat,
830 1732 928 1793 hostis
939 1732 1041 1793 habet.

307 1837 404 1898 Causa
419 1852 487 1897 mea
502 1848 548 1898 est
562 1837 682 1898 melior:
699 1838 762 1914 qui,
779 1854 836 1899 nec
855 1838 1008 1899 contraria
1019 1839 1107 1899 dicor

350 1944 452 2015 Arma,
470 1959 527 2004 nec
541 1943 668 2005 hostiles
682 1960 750 2004 esse
765 1955 891 2005 secutus
906 1960 992 2023 opes.

308 2054 366 2112 Per
382 2068 477 2123 mare,
493 2068 550 2129 per
565 2062 674 2125 terras,
686 2069 743 2130 per
752 2052 841 2113 tertia
855 2053 980 2113 numina
990 2053 1075 2129 J'uro,

352 2159 409 2217 Per
421 2168 450 2217 te
464 2168 648 2234 praesentem
662 2159 925 2236 conspicuumque
935 2159 1038 2231 deum,

309 2265 395 2324 Hune
413 2263 547 2323 animum
559 2263 669 2323 lavisse
686 2262 749 2335 tibi,
766 2262 812 2323 vir
826 2263 968 2336 maxime3
985 2280 1095 2341 meque

357 2372 420 2443 Qua
438 2372 503 2433 sola
517 2371 615 2449 potui,
633 2382 736 2432 mente
750 2371 844 2433 luisse
855 2382 951 2433 tuum.

313 2477 421 2555 Optavi
435 2488 558 2555 peteres
573 2477 711 2539 coelestia
725 2477 826 2539 sidera
840 2479 939 2551 tarde,

353 2589 487 2665 Parsque
502 2586 559 2648 luit
571 2587 671 2648 turbae
682 2603 774 2665 parva
789 2587 945 2670 precantis
959 2588 1050 2649 idem.

316 2693 354 2752 Et
373 2693 422 2770 pia
436 2703 504 2752 tura
518 2693 589 2754 dedi
601 2710 658 2769 pro
676 2704 718 2752 te:
732 2710 864 2767 eumque
878 2693 1020 2755 omnibus
1034 2712 1114 2755 unus

354 2799 422 2875 lpse
437 2814 560 2874 quoque
575 2795 679 2872 atljuvi
693 2795 816 2873 publica
830 2806 901 2857 vota
917 2797 1003 2858 meis.

312 2904 387 2975 Quid
399 2904 530 2963 reseram
543 2901 639 2961 libros
657 2899 727 2960 illos
744 2917 882 2977 quoque,
899 2900 1025 2962 erimina
1039 2914 1155 2975 nostra,

354 3011 435 3072 Mille
450 3010 526 3071 locis
540 3011 650 3088 plenos
665 3009 797 3069 nominis
809 3027 877 3071 esse
892 3011 949 3071 tull

251 3137 262 3157 ·
313 3117 432 3196 Inspice
446 3118 546 3194 majus
559 3133 648 3194 opus,
667 3118 750 3192 quod
765 3116 865 3177 adhuc
880 3117 945 3177 sine
960 3118 1021 3178 fine
1034 3119 1156 3194 reliqui,

355 3228 389 3286 ln
398 3243 460 3286 non
475 3224 648 3285 credendos
662 3239 794 3299 corpora
808 3240 896 3284 versa
909 3226 1029 3297 rnodos;
1186 3222 1191 3230 '

315 3335 453 3395 invenies
468 3333 561 3394 vestri
578 3333 734 3410 praeconia
749 3327 881 3393 nominis
896 3333 968 3393 illic:

357 3440 494 3502 iuvenies
513 3438 603 3498 animi
618 3437 747 3515 pignora
763 3439 857 3499 multa
878 3439 947 3498 rnei.
976 3435 977 3438 ’

316 3550 381 3608 Non
399 3559 450 3609 tua
465 3547 651 3608 carminibus
667 3548 765 3623 major
780 3547 812 3607 fit
829 3548 937 3624 gloria,
958 3565 1015 3609 nec
1026 3567 1100 3625 quo,

358 3657 396 3716 Ut
410 3657 508 3731 major
522 3656 584 3727 siat,
599 3669 740 3715 crescere
755 3656 866 3732 possit,
884 3657 986 3717 hahet.

318 3763 406 3824 Fatua
420 3760 501 3823 Joris
519 3772 669 3837 superest.
687 3763 800 3822 Tamen
816 3763 897 3822 hunc
908 3779 962 3822 sua
976 3763 1054 3823 lacta
1065 3765 1185 3836 referri,
1258 3803 1263 3809 -
