2932 5002
674 368 839 443 ,-rre—

313 499 431 569 Nostra,
448 498 688 575 quihuspossim
715 498 904 576 illacrymare
917 499 1005 557 lerae?

278 604 457 665 llecmetuis
473 604 566 665 dubio
580 606 724 666 Fortunae
739 606 846 666 stantis
861 606 978 665 inorbo

293 714 421 785 Numen,
435 724 465 773 et
480 730 582 773 exosae
597 714 688 773 verba
706 714 838 790 superba
848 713 932 772 lleae‘?

253 822 352 900 Exigit
365 822 415 880 ah!
431 821 539 899 dignas
553 823 647 882 ultrix
662 822 848 882 Rhamnusia
867 838 986 898 poenas;

295 931 440 1007 Imposito
455 932 554 990 calcas
566 931 639 1006 quid
660 947 726 990 mea
739 931 904 1007 latapecle?

260 1037 324 1097 Vidi
332 1056 400 1116 ego,
413 1039 599 1116 navifragum
614 1038 666 1114 qui
678 1038 797 1110 riserat,
814 1055 938 1115 aeqtrore
947 1038 1055 1115 mergi;

295 1145 342 1215 Et,
358 1160 526 1220 uunquam,
544 1143 616 1215 dixi,
629 1143 743 1218 justior
757 1144 838 1230 unda
854 1143 921 1203 luit.

278 1256 351 1315 l'ilia
363 1256 414 1333 qui
429 1259 581 1332 quondam
596 1255 714 1315 miseris
729 1256 869 1315 alimenta
885 1266 1023 1333 negarat,

301 1363 386 1423 Nune
404 1363 577 1422 mendicato
591 1362 729 1439 pascitur
747 1362 812 1438 ipse
827 1362 910 1421 cibo.

260 1469 403 1529 Passihus
417 1468 565 1546 ambiguis
576 1469 697 1528 fortuna
713 1468 855 1528 volubilis
866 1478 959 1538 errat,

295 1578 332 1635 Et
347 1585 449 1635 manet
463 1574 493 1633 in
512 1575 597 1633 nullo
614 1584 699 1633 certa
714 1585 870 1650 tenaxque
889 1575 972 1633 loco:

262 1682 321 1742 Sed
335 1681 428 1740 modo
442 1681 511 1739 laeta
523 1689 635 1751 manet,
651 1679 754 1739 vultus
770 1679 864 1739 modo
885 1678 978 1739 sumit
992 1680 1131 1750 acerbos;

296 1791 333 1849 Et
346 1799 464 1849 tantum
477 1798 622 1848 constans
637 1787 667 1846 iu
682 1788 804 1849 levitate
820 1804 874 1848 sua
888 1798 948 1848 est.

256 1899 316 1958 Nos
330 1914 455 1975 quoque
470 1897 641 1969 lleruimns,
658 1899 713 1958 sed
727 1899 783 1957 llos
798 1910 864 1959 erat
878 1897 927 1957 ille
942 1899 1090 1968 caducus;

293 2005 487 2081 Flammaque
502 2006 541 2065 de
555 2005 666 2082 stipula
681 2016 797 2078 nostra,
814 2006 978 2082 brevisque
994 2005 1061 2065 luit.

256 2113 335 2173 llere
351 2123 455 2172 tamen
471 2123 534 2173 tota
549 2114 652 2191 capias
667 2113 731 2174 fera
746 2114 854 2192 gaudia
871 2124 986 2186 mente,

297 2219 363 2277 Non
376 2229 423 2278 est
435 2218 578 2295 placandi
592 2237 663 2296 spes
679 2220 751 2278 mihi
766 2222 849 2279 nulla
862 2220 927 2279 Ilei:

257 2330 309 2389 Vel
324 2327 393 2405 quia
407 2328 532 2405 peccavi
547 2327 623 2389 citra
642 2330 754 2401 scelus,
775 2340 870 2405 utque
884 2332 1004 2408 pudore

297 2436 362 2495 Nou
378 2445 473 2507 earet,
494 2434 603 2495 invidia
619 2435 663 2495 sic
677 2453 744 2496 men
759 2438 850 2514 culpa
867 2448 963 2497 caret:

257 2543 309 2600 Vel
325 2541 395 2618 quia
410 2541 453 2603 nil
470 2541 590 2618 ingens,
607 2544 645 2601 ad
659 2543 751 2602 linem
765 2543 838 2603 solis
853 2545 891 2604 ab
906 2554 988 2616 ortu,

298 2650 364 2721 lllo,
381 2649 542 2726 culparet,
559 2649 662 2710 mitius
678 2651 762 2710 orbis
777 2651 881 2711 habet.

256 2753 387 2826 Scilicet,
404 2764 514 2814 utnon
531 2766 577 2814 est
590 2773 647 2832 per
661 2756 721 2815 vim
737 2756 917 2832 superabilis
932 2758 997 2830 ulli,

297 2861 387 2921 lllolle
402 2879 456 2921 cor
470 2865 508 2923 ad
524 2863 643 2923 timidas
657 2864 700 2924 sie
715 2865 806 2924 hahet
823 2865 873 2925 ille
888 2883 1007 2943 preces.

269 2968 479 3044 Exemploque
491 2967 597 3042 lleirm,
613 2970 724 3046 quibus
740 2988 920 3032 accessurus
933 2983 963 3032 et
977 2973 1042 3050 ipse
1057 2985 1115 3049 est,

297 3074 370 3133 Cum
385 3091 486 3152 poenae
501 3076 587 3135 xenia
602 3078 689 3154 plura
705 3080 840 3155 roganda
855 3090 967 3156 petam.

256 3181 284 3241 Si
300 3199 442 3242 numeres
457 3199 538 3241 anno
559 3183 640 3243 solcs
654 3194 685 3242 01
699 3183 801 3243 nubila
817 3195 893 3256 1010,

296 3288 432 3348 lnrenies
448 3288 576 3349 nitidum
592 3289 704 3366 saepius
720 3289 779 3350 isse
792 3291 883 3350 diem.

254 3397 346 3473 Ergo,
366 3413 405 3454 ne
419 3405 524 3454 nostra
539 3395 665 3455 nimium
679 3398 783 3456 laetere
798 3399 896 3470 ruina,

295 3501 421 3564 Restitui
438 3502 590 3576 quondam
607 3519 655 3561 me
670 3520 793 3579 quoque
807 3521 899 3581 posse
914 3517 998 3581 puta:

255 3615 347 3674 Posse
361 3621 435 3687 puta
450 3609 527 3682 lieri,
544 3611 638 3670 lenito
655 3612 806 3689 principe,
822 3592 945 3686 nultus,

293 3720 331 3780 Ut
343 3717 445 3778 rideas
459 3717 558 3779 media
572 3717 667 3779 tristis
682 3718 712 3778 in
733 3721 811 3782 urbe
830 3738 928 3795 meos;
