2932 5002
717 328 837 389 ..74-

253 461 345 535 ilure,
365 462 439 539 quid
457 463 496 523 ad
513 460 644 521 miseros
658 460 802 521 veniebas
818 457 932 520 exsulis
947 460 1060 520 annuos?

293 573 458 632 Debueras
472 571 531 631 illis
547 570 731 648 imposuisse
746 571 884 632 modum.

253 678 284 738 Si
298 678 354 739 tibi
370 696 445 739 cura
462 677 532 751 mei,
549 679 595 738 vel
612 677 637 737 si
653 679 755 755 pudor
770 677 852 737 ullus
867 676 993 747 inesset,

295 785 362 844 Non
378 786 459 845 ultra
474 784 605 862 patriam
620 801 669 844 me
686 801 853 861 sequerere
869 800 979 843 meam.

255 891 385 968 Quoque
400 892 470 951 loco
486 890 619 968 primum
633 889 688 951 tibi
703 907 771 950 sum
790 891 868 949 male
879 888 1022 966 cognitus
1037 889 1149 963 iulans,

301 999 357 1059 lllo
375 1009 529 1059 tentasses
544 997 669 1057 ultimus
685 1013 753 1056 esse
770 996 856 1056 milri:

253 1106 380 1182 Jamque
396 1105 612 1181 relinquendo,
630 1104 714 1180 quod
729 1084 810 1163 idem
827 1103 931 1162 locere
951 1105 1087 1176 sodales,

298 1213 342 1271 Tu
355 1228 478 1288 quoque
492 1210 621 1281 dixisses
637 1209 733 1271 tristis
748 1209 778 1267 in
794 1200 882 1281 urbe,
900 1211 977 1269 vale.

257 1317 334 1388 Quid
350 1316 403 1377 tibi
418 1334 489 1377 cum
504 1316 616 1376 Ponto?
631 1332 705 1374 num
721 1324 751 1374 te
767 1331 892 1390 quoque
907 1315 1036 1376 Caesaris
1052 1315 1096 1375 ira

302 1427 477 1486 Extremam
493 1424 585 1503 gelidi
600 1423 682 1484 misit
696 1423 726 1483 in
742 1423 825 1484 orbis
840 1424 983 1483 hunnum?

262 1532 385 1594 Scilicet
400 1542 546 1610 expectes
562 1531 643 1593 soliti
658 1531 712 1592 tibi
734 1531 829 1591 moris
844 1533 1006 1601 honorem,

304 1641 438 1702 Pendeat
453 1658 492 1701 ex
507 1640 644 1701 humeris
658 1641 751 1701 vestis
767 1651 800 1701 ut
815 1641 884 1700 alba
900 1640 991 1699 meis?

260 1747 388 1809 Fumida
403 1746 546 1825 cingatur
562 1747 745 1807 florentibus
759 1763 812 1808 ara
827 1745 968 1806 coronis?

311 1854 448 1930 Mieaque
463 1853 594 1915 solemni
608 1853 707 1915 thuris
722 1853 752 1912 in
767 1852 837 1930 igne
853 1853 956 1913 sonet?

264 1964 399 2041 Libaque
413 1965 483 2025 dem
497 1982 556 2042 pro
570 1975 600 2025 te
615 1963 747 2041 genitale
761 1961 899 2022 notantia
911 1972 1044 2039 tempus,

313 2069 548 2146 concipiamque
562 2070 661 2129 bonas
677 2085 732 2128 ore
746 2067 868 2128 favente
881 2068 1005 2144 preces?

262 2177 330 2236 Non
348 2175 391 2235 ita
406 2190 475 2235 sum
489 2175 621 2252 positus:
638 2190 697 2233 nee
713 2184 785 2233 sunt
800 2190 836 2233 ea
851 2185 990 2250 tempora
1005 2173 1107 2253 nobis,

320 2285 459 2346 Adventu
476 2282 592 2361 possim
607 2284 697 2343 laetus
711 2292 745 2343 ut
759 2298 827 2342 esse
842 2291 906 2342 tuo.

279 2388 406 2451 Funeris
421 2406 473 2450 ara
488 2388 560 2448 mini
574 2387 661 2448 ferali
675 2387 774 2448 cincta
789 2403 937 2465 cupresso

314 2497 474 2570 Convenit,
492 2508 524 2558 et
535 2495 663 2558 structis
678 2497 799 2556 flamma
814 2506 920 2573 parata
934 2496 1028 2574 rogis.

267 2603 331 2665 Nec
345 2605 422 2664 dare
435 2606 528 2664 thura
542 2604 619 2664 libet
632 2602 676 2661 nil
686 2601 845 2663 exorantia
861 2601 958 2663 divos:

309 2712 342 2770 ln
360 2709 453 2770 tantis
470 2711 606 2769 subeunt
620 2724 678 2766 nee
692 2708 775 2767 bona
789 2708 882 2766 verba
897 2708 994 2769 malis.

269 2816 300 2876 Si
314 2826 419 2876 tamen
436 2825 484 2875 est
498 2814 614 2890 aliquid
629 2813 721 2874 nobis
742 2815 800 2875 hac
814 2816 884 2877 luce
898 2817 1078 2893 petendum,

313 2923 347 2981 ln
363 2921 433 2981 loca
449 2937 489 2980 ne
505 2919 615 2980 redeas
630 2919 761 2997 amplius
776 2920 833 2982 ista
847 2939 971 2999 precor:

269 3029 348 3087 llum
364 3043 414 3086 me
428 3037 585 3087 terrarum
598 3042 671 3104 pars
684 3043 774 3104 paene
788 3027 963 3100 novissima,
981 3031 1109 3101 Pontus,

317 3131 428 3192 Euxini
444 3132 523 3192 falso
540 3131 666 3192 nomine
680 3131 791 3206 dictus,
807 3134 910 3195 habet.
1021 3124 1024 3128 ’

645 3349 829 3405 EIAEGIA
842 3350 949 3404 xlv,
1004 3385 1007 3388 »

269 3559 377 3621 Cultor
394 3571 425 3620 et
440 3559 570 3621 antistes
586 3560 752 3620 doctorum
767 3569 874 3620 sancte
889 3558 1037 3632 virorum,

320 3665 400 3735 Quid
418 3666 492 3726 lacis
510 3667 633 3745 ingenio
649 3685 771 3746 semper
785 3667 881 3728 amice
896 3669 979 3729 meo?
