2932 5002
510 394 632 453 ..59-

21 514 23 518 ’
92 522 208 594 dbsirn,
225 538 279 582 vos
294 521 396 582 animo
418 538 540 600 semper
554 523 663 584 adesse
680 540 760 584 moe.

51 629 89 689 Et
103 645 194 705 quam
209 628 338 705 quisque
353 639 466 706 potest,
482 629 582 706 aliqua
597 631 675 690 maia
690 642 796 693 nostra
811 630 920 691 levate:

95 738 197 797 Fidem
212 738 352 814 projecto
368 755 443 798 neve
458 750 569 816 negate
584 756 720 799 manum.

53 847 203 922 Prospera
217 843 260 904 sic
275 843 361 905 vobis
376 854 496 905 maneat
511 844 646 917 fortuna,
666 864 723 906 nec
741 863 877 923 unquam

97 949 235 1011 contacti
249 949 339 1008 simili
354 961 438 1010 sorte
457 951 573 1028 rogetis
588 951 693 1028 opem!

428 1176 610 1230 Elatiam
625 1177 671 1228 V.

55 1387 134 1447 Usus
148 1385 291 1446 amicitiae
306 1396 408 1446 tecum
423 1385 495 1445 mihi
510 1402 634 1463 parvus,
653 1396 688 1447 ut
703 1386 786 1446 illam

97 1495 163 1555 Non
178 1512 261 1573 aegre
274 1511 383 1572 posses
398 1494 602 1567 dissimulare,
619 1495 690 1556 fnit:

53 1603 90 1663 Ni
105 1621 153 1664 me
168 1604 347 1682 complexus
361 1603 469 1664 vinclis
483 1603 681 1682 propioribus
696 1623 794 1676 esses;

100 1714 178 1773 Nave
193 1729 260 1772 mea
274 1723 366 1773 vento
378 1712 483 1772 forsan
498 1723 592 1773 eunte
608 1731 676 1774 sno.

55 1821 96 1880 Ut
111 1818 218 1893 cecidi,
235 1819 399 1896 cunctique
413 1830 497 1880 metu
513 1819 621 1897 fugere
637 1819 747 1891 ruinae,

103 1928 258 2004 versaque
272 1926 413 1987 amicitiae
434 1936 519 2003 terga
533 1927 647 1987 dedere
663 1942 751 1998 meae3

55 2035 159 2094 Ausus
172 2051 206 2093 es
219 2033 289 2111 igne
303 2032 384 2092 Jovis
398 2048 581 2109 percussum
597 2043 723 2110 tangere
738 2049 864 2112 corpus,

64 2184 68 2193 .
102 2141 139 2201 Et
152 2139 320 2217 deploratae
335 2137 428 2198 limen
442 2137 527 2198 adire
542 2139 665 2199 domus.

56 2251 156 2326 quue
169 2265 278 2309 recens
292 2259 432 2326 praestas,
450 2265 507 2309 neo
524 2249 616 2327 longo
632 2249 775 2328 cognitus
790 2269 861 2323 usu,

103 2356 189 2426 Quod
203 2366 340 2417 veterum
355 2354 467 2415 misero
482 2355 533 2414 vix
548 2357 611 2415 dno
627 2366 728 2416 tresve
743 2357 827 2416 milri.

57 2463 128 2524 Vidi
142 2481 200 2541 ego
215 2464 361 2524 confusos
378 2463 493 2534 vnltuS,
511 2461 656 2538 visosque
668 2464 782 2535 notavi,

105 2573 203 2647 Osque
217 2570 344 2629 madens
360 2568 444 2640 fletu,
460 2566 666 2644 pallidiusque
683 2585 765 2629 meo:

58 2679 101 2738 Et
115 2676 265 2753 lacrymas
280 2662 411 2735 cernens
426 2673 456 2733 in
471 2673 591 2752 singula
605 2675 698 2736 verba
713 2677 874 2749 cadentes,

105 2784 163 2845 Ore
178 2801 246 2844 meo
260 2785 422 2862 lacrymas,
439 2782 566 2845 auribus
580 2783 632 2845 illa
646 2783 722 2846 bibi:

66 2893 256 2971 Brachioque
270 2892 376 2971 accepi
389 2903 501 2954 moesto
516 2894 681 2972 pendentia
696 2896 789 2967 eollo,

108 3003 145 3064 Et
159 3002 330 3081 singultatis
346 3004 452 3064 oscula
467 3003 557 3064 mista
573 3003 671 3064 sonis.

61 3115 137 3174 Snm
151 3129 285 3189 quoque,
302 3129 383 3185 care,
401 3111 461 3173 tuis
475 3112 621 3173 defensus
635 3111 751 3173 viribus
766 3114 890 3174 absens:

112 3220 176 3282 Seis
191 3238 296 3282 carum
311 3221 374 3282 veri
389 3221 521 3282 nominis
536 3239 605 3283 esse
620 3223 703 3282 loco.

64 3329 220 3405 Multaque
235 3337 386 3405 praeterea
398 3327 549 3388 manifesti
560 3328 647 3405 signa
660 3326 775 3388 fatoris

112 3436 292 3497 Pectoribus
303 3445 395 3496 teneo
410 3452 473 3494 non
487 3434 608 3496 abitura
617 3435 705 3496 meis.

72 3541 109 3604 Di
125 3541 176 3603 tiri
191 3557 285 3619 posse
308 3549 377 3600 tuos
391 3538 528 3601 tribuant
542 3540 708 3603 defendere
722 3557 856 3618 semper,

114 3649 196 3719 Quos
212 3646 242 3706 in
254 3645 382 3709 materia
395 3644 596 3723 prosperiore
607 3644 710 3722 juves!

71 3756 102 3818 Si
119 3765 226 3816 tamen
238 3753 357 3814 interea
371 3751 446 3831 quid
467 3751 498 3812 in
513 3751 562 3814 his
577 3769 635 3831 ego
651 3751 792 3832 perditus
807 3753 882 3828 oris,
